20140302 170006543,0.880510,0.880810,0
20140302 170011013,0.880480,0.880780,0
20140302 170012370,0.880500,0.880800,0
20140302 170014107,0.880520,0.880820,0
20140302 170016497,0.880510,0.880810,0
20140302 170016857,0.880490,0.880790,0
20140302 170019607,0.880450,0.880750,0
20140302 170021327,0.880470,0.880770,0
20140302 170029577,0.880490,0.880790,0
20140302 170031637,0.880470,0.880770,0
20140302 170039200,0.880480,0.880780,0
20140302 170041607,0.880500,0.880800,0
20140302 170043327,0.880480,0.880780,0
20140302 170044013,0.880570,0.880870,0
20140302 170044340,0.880590,0.880890,0
20140302 170046417,0.880580,0.880880,0
20140302 170047107,0.880590,0.880890,0
20140302 170048480,0.880580,0.880880,0
20140302 170049513,0.880590,0.880890,0
20140302 170050200,0.880580,0.880880,0
20140302 170050543,0.880590,0.880890,0
20140302 170051917,0.880580,0.880880,0
20140302 170053637,0.880460,0.880760,0
20140302 170054667,0.880470,0.880770,0
20140302 170055013,0.880460,0.880760,0
20140302 170057777,0.880510,0.880810,0
20140302 170102577,0.880520,0.880820,0
20140302 170102917,0.880530,0.880830,0
20140302 170104293,0.880540,0.880840,0
20140302 170109107,0.880530,0.880830,0
20140302 170111153,0.880470,0.880770,0
20140302 170111513,0.880530,0.880830,0
20140302 170111857,0.880440,0.880740,0
20140302 170112527,0.880500,0.880800,0
20140302 170117683,0.880490,0.880790,0
20140302 170118387,0.880470,0.880770,0
20140302 170121827,0.880460,0.880760,0
20140302 170125263,0.880480,0.880780,0
20140302 170126620,0.880460,0.880760,0
20140302 170138653,0.880480,0.880780,0
20140302 170139357,0.880490,0.880790,0
20140302 170147590,0.880500,0.880800,0
20140302 170147950,0.880490,0.880790,0
20140302 170153107,0.880480,0.880780,0
20140302 170153450,0.880490,0.880790,0
20140302 170158263,0.880480,0.880780,0
20140302 170159857,0.880490,0.880790,0
20140302 170200327,0.880500,0.880800,0
20140302 170204090,0.880490,0.880790,0
20140302 170204450,0.880500,0.880800,0
20140302 170205120,0.880470,0.880770,0
20140302 170205480,0.880430,0.880730,0
20140302 170206513,0.880440,0.880740,0
20140302 170207887,0.880450,0.880750,0
20140302 170213730,0.880460,0.880760,0
20140302 170218200,0.880440,0.880740,0
20140302 170219560,0.880430,0.880730,0
20140302 170220263,0.880290,0.880590,0
20140302 170220590,0.880260,0.880560,0
20140302 170223340,0.880290,0.880590,0
20140302 170223700,0.879940,0.880240,0
20140302 170224027,0.880210,0.880510,0
20140302 170224387,0.880110,0.880410,0
20140302 170224717,0.880090,0.880390,0
20140302 170225077,0.880080,0.880380,0
20140302 170225403,0.880070,0.880370,0
20140302 170227810,0.880110,0.880410,0
20140302 170228497,0.880030,0.880330,0
20140302 170228840,0.879990,0.880290,0
20140302 170229183,0.880000,0.880300,0
20140302 170235747,0.879920,0.880220,0
20140302 170236077,0.879860,0.880160,0
20140302 170236433,0.879970,0.880270,0
20140302 170236747,0.879870,0.880170,0
20140302 170237090,0.879990,0.880290,0
20140302 170237433,0.880000,0.880300,0
20140302 170237777,0.879990,0.880290,0
20140302 170238137,0.879890,0.880190,0
20140302 170238810,0.879930,0.880230,0
20140302 170239153,0.879840,0.880140,0
20140302 170240527,0.879830,0.880130,0
20140302 170241217,0.879840,0.880140,0
20140302 170241577,0.879950,0.880250,0
20140302 170241903,0.879860,0.880160,0
20140302 170242247,0.879830,0.880130,0
20140302 170243653,0.879960,0.880260,0
20140302 170243997,0.879920,0.880220,0
20140302 170244327,0.879960,0.880260,0
20140302 170245013,0.879930,0.880230,0
20140302 170245370,0.879900,0.880200,0
20140302 170246370,0.879960,0.880260,0
20140302 170246717,0.879950,0.880250,0
20140302 170247077,0.879960,0.880260,0
20140302 170249153,0.879950,0.880250,0
20140302 170249497,0.879960,0.880260,0
20140302 170250870,0.879900,0.880200,0
20140302 170251183,0.879890,0.880190,0
20140302 170251543,0.879900,0.880200,0
20140302 170251887,0.879890,0.880190,0
20140302 170253277,0.879940,0.880240,0
20140302 170255327,0.879930,0.880230,0
20140302 170255653,0.879940,0.880240,0
20140302 170258763,0.879900,0.880200,0
20140302 170259793,0.879940,0.880240,0
20140302 170303217,0.879920,0.880220,0
20140302 170303917,0.879900,0.880200,0
20140302 170307013,0.879940,0.880240,0
20140302 170308043,0.879910,0.880210,0
20140302 170308387,0.879930,0.880230,0
20140302 170308730,0.879910,0.880210,0
20140302 170309060,0.879900,0.880200,0
20140302 170309403,0.879920,0.880220,0
20140302 170310777,0.879940,0.880240,0
20140302 170313527,0.879930,0.880230,0
20140302 170313903,0.879980,0.880280,0
20140302 170314247,0.879920,0.880220,0
20140302 170314560,0.879950,0.880250,0
20140302 170316293,0.879920,0.880220,0
20140302 170321107,0.879940,0.880240,0
20140302 170321450,0.880070,0.880370,0
20140302 170321793,0.879920,0.880220,0
20140302 170325917,0.880010,0.880310,0
20140302 170326263,0.880050,0.880350,0
20140302 170327293,0.880040,0.880340,0
20140302 170327637,0.880030,0.880330,0
20140302 170331747,0.879990,0.880290,0
20140302 170332090,0.879940,0.880240,0
20140302 170348607,0.879950,0.880250,0
20140302 170349637,0.879940,0.880240,0
20140302 170404060,0.879950,0.880250,0
20140302 170408200,0.879920,0.880220,0
20140302 170410247,0.879910,0.880210,0
20140302 170410620,0.879940,0.880240,0
20140302 170410933,0.879950,0.880250,0
20140302 170415403,0.879940,0.880240,0
20140302 170426077,0.879930,0.880230,0
20140302 170429857,0.879920,0.880220,0
20140302 170433637,0.879890,0.880190,0
20140302 170433967,0.879870,0.880170,0
20140302 170436043,0.879910,0.880210,0
20140302 170436370,0.879900,0.880200,0
20140302 170439120,0.879910,0.880210,0
20140302 170439827,0.879900,0.880200,0
20140302 170443950,0.879910,0.880210,0
20140302 170451153,0.879900,0.880200,0
20140302 170452887,0.879910,0.880210,0
20140302 170453217,0.879900,0.880200,0
20140302 170456327,0.879850,0.880150,0
20140302 170456653,0.879900,0.880200,0
20140302 170459763,0.879890,0.880190,0
20140302 170500793,0.879870,0.880170,0
20140302 170501467,0.879840,0.880140,0
20140302 170501840,0.879860,0.880160,0
20140302 170502167,0.879880,0.880180,0
20140302 170502513,0.879890,0.880190,0
20140302 170503200,0.879860,0.880160,0
20140302 170503543,0.879840,0.880140,0
20140302 170506980,0.879860,0.880160,0
20140302 170507340,0.879850,0.880150,0
20140302 170507667,0.879840,0.880140,0
20140302 170510417,0.879860,0.880160,0
20140302 170510763,0.879850,0.880150,0
20140302 170513153,0.879830,0.880130,0
20140302 170514200,0.879800,0.880100,0
20140302 170516950,0.879790,0.880090,0
20140302 170518683,0.879810,0.880110,0
20140302 170519013,0.879860,0.880160,0
20140302 170519700,0.879840,0.880140,0
20140302 170520730,0.879790,0.880090,0
20140302 170521090,0.879800,0.880100,0
20140302 170525543,0.879790,0.880090,0
20140302 170525887,0.879770,0.880070,0
20140302 170526230,0.879780,0.880080,0
20140302 170526933,0.879770,0.880070,0
20140302 170527247,0.879760,0.880060,0
20140302 170527607,0.879740,0.880040,0
20140302 170528967,0.879750,0.880050,0
20140302 170529327,0.879730,0.880030,0
20140302 170529997,0.879740,0.880040,0
20140302 170530340,0.879730,0.880030,0
20140302 170531027,0.879690,0.879990,0
20140302 170531370,0.879680,0.879980,0
20140302 170532763,0.879670,0.879970,0
20140302 170535513,0.879690,0.879990,0
20140302 170535840,0.879700,0.880000,0
20140302 170537903,0.879660,0.879960,0
20140302 170538950,0.879650,0.879950,0
20140302 170539293,0.879610,0.879910,0
20140302 170540683,0.879630,0.879930,0
20140302 170541013,0.879640,0.879940,0
20140302 170541370,0.879660,0.879960,0
20140302 170541700,0.879690,0.879990,0
20140302 170542043,0.879660,0.879960,0
20140302 170542717,0.879650,0.879950,0
20140302 170544480,0.879690,0.879990,0
20140302 170546167,0.879700,0.880000,0
20140302 170546527,0.879650,0.879950,0
20140302 170546857,0.879630,0.879930,0
20140302 170549277,0.879590,0.879890,0
20140302 170549607,0.879580,0.879880,0
20140302 170600590,0.879560,0.879860,0
20140302 170600950,0.879540,0.879840,0
20140302 170604060,0.879380,0.879680,0
20140302 170604403,0.879240,0.879540,0
20140302 170606810,0.879200,0.879500,0
20140302 170607120,0.879130,0.879430,0
20140302 170607467,0.879120,0.879420,0
20140302 170607827,0.879100,0.879400,0
20140302 170608153,0.879080,0.879380,0
20140302 170609903,0.879090,0.879390,0
20140302 170610917,0.879100,0.879400,0
20140302 170612293,0.879110,0.879410,0
20140302 170612620,0.879080,0.879380,0
20140302 170612980,0.879090,0.879390,0
20140302 170613683,0.879200,0.879500,0
20140302 170622950,0.879190,0.879490,0
20140302 170632903,0.879220,0.879520,0
20140302 170634980,0.879200,0.879500,0
20140302 170635310,0.879170,0.879470,0
20140302 170637717,0.879180,0.879480,0
20140302 170644933,0.879220,0.879520,0
20140302 170645293,0.879210,0.879510,0
20140302 170646667,0.879220,0.879520,0
20140302 170649077,0.879250,0.879550,0
20140302 170649763,0.879200,0.879500,0
20140302 170651137,0.879180,0.879480,0
20140302 170653887,0.879190,0.879490,0
20140302 170658013,0.879180,0.879480,0
20140302 170700060,0.879240,0.879540,0
20140302 170702137,0.879260,0.879560,0
20140302 170703167,0.879290,0.879590,0
20140302 170703513,0.879330,0.879630,0
20140302 170704183,0.879300,0.879600,0
20140302 170705230,0.879330,0.879630,0
20140302 170706933,0.879310,0.879610,0
20140302 170707637,0.879340,0.879640,0
20140302 170707980,0.879310,0.879610,0
20140302 170708327,0.879290,0.879590,0
20140302 170708667,0.879250,0.879550,0
20140302 170712793,0.879190,0.879490,0
20140302 170715200,0.879200,0.879500,0
20140302 170715887,0.879180,0.879480,0
20140302 170717607,0.879250,0.879550,0
20140302 170717950,0.879230,0.879530,0
20140302 170723107,0.879220,0.879520,0
20140302 170723450,0.879190,0.879490,0
20140302 170726543,0.879170,0.879470,0
20140302 170726887,0.879180,0.879480,0
20140302 170737887,0.879190,0.879490,0
20140302 170738230,0.879180,0.879480,0
20140302 170739263,0.879200,0.879500,0
20140302 170739607,0.879190,0.879490,0
20140302 170740653,0.879220,0.879520,0
20140302 170740967,0.879200,0.879500,0
20140302 170742027,0.879230,0.879530,0
20140302 170745810,0.879200,0.879500,0
20140302 170747857,0.879230,0.879530,0
20140302 170750607,0.879240,0.879540,0
20140302 170753357,0.879260,0.879560,0
20140302 170754043,0.879250,0.879550,0
20140302 170755077,0.879260,0.879560,0
20140302 170755417,0.879230,0.879530,0
20140302 170755747,0.879260,0.879560,0
20140302 170756450,0.879230,0.879530,0
20140302 170756793,0.879260,0.879560,0
20140302 170758153,0.879240,0.879540,0
20140302 170758497,0.879280,0.879580,0
20140302 170758857,0.879290,0.879590,0
20140302 170800577,0.879280,0.879580,0
20140302 170805387,0.879290,0.879590,0
20140302 170806077,0.879310,0.879610,0
20140302 170807793,0.879250,0.879550,0
20140302 170808137,0.879280,0.879580,0
20140302 170808840,0.879340,0.879640,0
20140302 170816403,0.879280,0.879580,0
20140302 170816730,0.879300,0.879600,0
20140302 170818450,0.879310,0.879610,0
20140302 170818793,0.879320,0.879620,0
20140302 170820513,0.879310,0.879610,0
20140302 170820840,0.879280,0.879580,0
20140302 170822577,0.879300,0.879600,0
20140302 170822917,0.879310,0.879610,0
20140302 170823263,0.879300,0.879600,0
20140302 170823950,0.879270,0.879570,0
20140302 170824293,0.879290,0.879590,0
20140302 170824620,0.879280,0.879580,0
20140302 170826357,0.879290,0.879590,0
20140302 170828403,0.879300,0.879600,0
20140302 170830467,0.879280,0.879580,0
20140302 170830810,0.879250,0.879550,0
20140302 170831153,0.879220,0.879520,0
20140302 170839060,0.879190,0.879490,0
20140302 170843887,0.879210,0.879510,0
20140302 170844917,0.879190,0.879490,0
20140302 170845263,0.879170,0.879470,0
20140302 170845607,0.879160,0.879460,0
20140302 170849387,0.879170,0.879470,0
20140302 170852480,0.879160,0.879460,0
20140302 170854183,0.879180,0.879480,0
20140302 170855230,0.879160,0.879460,0
20140302 170856950,0.879180,0.879480,0
20140302 170905560,0.879160,0.879460,0
20140302 170905887,0.879150,0.879450,0
20140302 170908980,0.879200,0.879500,0
20140302 170909667,0.879190,0.879490,0
20140302 170910013,0.879200,0.879500,0
20140302 170910357,0.879190,0.879490,0
20140302 170911043,0.879200,0.879500,0
20140302 170913107,0.879190,0.879490,0
20140302 170913450,0.879200,0.879500,0
20140302 170914137,0.879190,0.879490,0
20140302 170914480,0.879200,0.879500,0
20140302 170917577,0.879180,0.879480,0
20140302 170927903,0.879200,0.879500,0
20140302 170928217,0.879190,0.879490,0
20140302 170928560,0.879180,0.879480,0
20140302 170929590,0.879200,0.879500,0
20140302 170930277,0.879180,0.879480,0
20140302 170931653,0.879190,0.879490,0
20140302 170935777,0.879210,0.879510,0
20140302 170940263,0.879220,0.879520,0
20140302 170940607,0.879230,0.879530,0
20140302 170941637,0.879240,0.879540,0
20140302 170949887,0.879230,0.879530,0
20140302 171003967,0.879220,0.879520,0
20140302 171008090,0.879230,0.879530,0
20140302 171009480,0.879260,0.879560,0
20140302 171026997,0.879250,0.879550,0
20140302 171054153,0.879240,0.879540,0
20140302 171058293,0.879280,0.879580,0
20140302 171149870,0.879260,0.879560,0
20140302 171150543,0.879270,0.879570,0
20140302 171206683,0.879260,0.879560,0
20140302 171211167,0.879220,0.879520,0
20140302 171211527,0.879260,0.879560,0
20140302 171231090,0.879320,0.879620,0
20140302 171234183,0.879260,0.879560,0
20140302 171234527,0.879230,0.879530,0
20140302 171238667,0.879240,0.879540,0
20140302 171239013,0.879260,0.879560,0
20140302 171433120,0.879240,0.879540,0
20140302 171500980,0.879270,0.879570,0
20140302 171501327,0.879280,0.879580,0
20140302 171501667,0.879320,0.879620,0
20140302 171501997,0.879350,0.879650,0
20140302 171502357,0.879310,0.879610,0
20140302 171503043,0.879220,0.879520,0
20140302 171533620,0.879240,0.879540,0
20140302 171554263,0.879250,0.879550,0
20140302 171555620,0.879260,0.879560,0
20140302 171556310,0.879250,0.879550,0
20140302 171556667,0.879260,0.879560,0
20140302 171603527,0.879250,0.879550,0
20140302 171605933,0.879260,0.879560,0
20140302 171606293,0.879250,0.879550,0
20140302 171621417,0.879260,0.879560,0
20140302 171624167,0.879250,0.879550,0
20140302 171628293,0.879260,0.879560,0
20140302 171628620,0.879250,0.879550,0
20140302 171649263,0.879240,0.879540,0
20140302 171712980,0.879230,0.879530,0
20140302 171719513,0.879240,0.879540,0
20140302 171721577,0.879230,0.879530,0
20140302 171724310,0.879240,0.879540,0
20140302 171725340,0.879230,0.879530,0
20140302 171726730,0.879240,0.879540,0
20140302 171744590,0.879260,0.879560,0
20140302 171745293,0.879270,0.879570,0
20140302 171748717,0.879260,0.879560,0
20140302 171751810,0.879270,0.879570,0
20140302 171752167,0.879260,0.879560,0
20140302 171754560,0.879240,0.879540,0
20140302 171759730,0.879290,0.879590,0
20140302 171800077,0.879490,0.879790,0
20140302 171801793,0.879520,0.879820,0
20140302 171802480,0.879530,0.879830,0
20140302 171802827,0.879510,0.879810,0
20140302 171803167,0.879530,0.879830,0
20140302 171806607,0.879520,0.879820,0
20140302 171810043,0.879330,0.879630,0
20140302 171810730,0.879320,0.879620,0
20140302 171819653,0.879290,0.879590,0
20140302 171819857,0.879310,0.879610,0
20140302 171821043,0.879200,0.879500,0
20140302 171827217,0.879240,0.879540,0
20140302 171827577,0.879260,0.879560,0
20140302 171828247,0.879330,0.879630,0
20140302 171828607,0.879310,0.879610,0
20140302 171829277,0.879230,0.879530,0
20140302 171829620,0.879200,0.879500,0
20140302 171834090,0.878990,0.879290,0
20140302 171841667,0.879000,0.879300,0
20140302 171845793,0.879010,0.879310,0
20140302 171848543,0.879070,0.879370,0
20140302 171856450,0.879050,0.879350,0
20140302 171856793,0.879060,0.879360,0
20140302 171902637,0.878960,0.879260,0
20140302 171910200,0.879110,0.879410,0
20140302 171910527,0.879230,0.879530,0
20140302 171911230,0.879250,0.879550,0
20140302 171912933,0.879260,0.879560,0
20140302 171914653,0.879180,0.879480,0
20140302 171914997,0.878980,0.879280,0
20140302 171916730,0.878970,0.879270,0
20140302 171921887,0.878960,0.879260,0
20140302 171922230,0.878950,0.879250,0
20140302 171926683,0.878980,0.879280,0
20140302 171931167,0.878920,0.879220,0
20140302 171931513,0.878910,0.879210,0
20140302 171933247,0.878890,0.879190,0
20140302 171935980,0.878880,0.879180,0
20140302 171936327,0.878890,0.879190,0
20140302 171937700,0.878880,0.879180,0
20140302 171938043,0.878890,0.879190,0
20140302 171939077,0.878880,0.879180,0
20140302 171941480,0.878890,0.879190,0
20140302 171945933,0.878880,0.879180,0
20140302 171950417,0.878890,0.879190,0
20140302 172006917,0.878880,0.879180,0
20140302 172007263,0.878870,0.879170,0
20140302 172007607,0.878890,0.879190,0
20140302 172034403,0.878880,0.879180,0
20140302 172102590,0.878870,0.879170,0
20140302 172130107,0.878850,0.879150,0
20140302 172135263,0.878900,0.879200,0
20140302 172137997,0.878820,0.879120,0
20140302 172138357,0.878800,0.879100,0
20140302 172141467,0.878790,0.879090,0
20140302 172142137,0.878780,0.879080,0
20140302 172146620,0.878670,0.878970,0
20140302 172146967,0.878660,0.878960,0
20140302 172147653,0.878700,0.879000,0
20140302 172147997,0.878750,0.879050,0
20140302 172154167,0.878680,0.878980,0
20140302 172154513,0.878770,0.879070,0
20140302 172156560,0.878760,0.879060,0
20140302 172159310,0.878750,0.879050,0
20140302 172205497,0.878740,0.879040,0
20140302 172207560,0.878730,0.879030,0
20140302 172207903,0.878740,0.879040,0
20140302 172212027,0.878730,0.879030,0
20140302 172215810,0.878740,0.879040,0
20140302 172216153,0.878730,0.879030,0
20140302 172216840,0.878750,0.879050,0
20140302 172217183,0.878740,0.879040,0
20140302 172218903,0.878750,0.879050,0
20140302 172221667,0.878760,0.879060,0
20140302 172232667,0.878770,0.879070,0
20140302 172233357,0.878740,0.879040,0
20140302 172233683,0.878670,0.878970,0
20140302 172235403,0.878660,0.878960,0
20140302 172235763,0.878810,0.879110,0
20140302 172236107,0.878670,0.878970,0
20140302 172237480,0.878660,0.878960,0
20140302 172241590,0.878680,0.878980,0
20140302 172244700,0.878700,0.879000,0
20140302 172247107,0.878690,0.878990,0
20140302 172247450,0.878700,0.879000,0
20140302 172247793,0.878710,0.879010,0
20140302 172252263,0.878700,0.879000,0
20140302 172259857,0.878690,0.878990,0
20140302 172308077,0.878700,0.879000,0
20140302 172323200,0.878690,0.878990,0
20140302 172325967,0.878670,0.878970,0
20140302 172326293,0.878660,0.878960,0
20140302 172333167,0.878670,0.878970,0
20140302 172333857,0.878690,0.878990,0
20140302 172336950,0.878700,0.879000,0
20140302 172337293,0.878690,0.878990,0
20140302 172337980,0.878700,0.879000,0
20140302 172338327,0.878690,0.878990,0
20140302 172339357,0.878700,0.879000,0
20140302 172339700,0.878690,0.878990,0
20140302 172344167,0.878700,0.879000,0
20140302 172352417,0.878720,0.879020,0
20140302 172355513,0.878700,0.879000,0
20140302 172413387,0.878720,0.879020,0
20140302 172416480,0.878700,0.879000,0
20140302 172421637,0.878720,0.879020,0
20140302 172424043,0.878710,0.879010,0
20140302 172424387,0.878720,0.879020,0
20140302 172424730,0.878730,0.879030,0
20140302 172444653,0.878720,0.879020,0
20140302 172444857,0.878730,0.879030,0
20140302 172445013,0.878750,0.879050,0
20140302 172446043,0.878730,0.879030,0
20140302 172446387,0.878750,0.879050,0
20140302 172447077,0.878740,0.879040,0
20140302 172448090,0.878770,0.879070,0
20140302 172448450,0.878660,0.878960,0
20140302 172450840,0.878650,0.878950,0
20140302 172451200,0.878660,0.878960,0
20140302 172452230,0.878650,0.878950,0
20140302 172453263,0.878770,0.879070,0
20140302 172454967,0.878740,0.879040,0
20140302 172455653,0.878660,0.878960,0
20140302 172456013,0.878740,0.879040,0
20140302 172457730,0.878660,0.878960,0
20140302 172503903,0.878670,0.878970,0
20140302 172504933,0.878740,0.879040,0
20140302 172506997,0.878730,0.879030,0
20140302 172542077,0.878760,0.879060,0
20140302 172542417,0.878750,0.879050,0
20140302 172545513,0.878740,0.879040,0
20140302 172546543,0.878760,0.879060,0
20140302 172548247,0.878750,0.879050,0
20140302 172548590,0.878780,0.879080,0
20140302 172559263,0.878820,0.879120,0
20140302 172559607,0.878840,0.879140,0
20140302 172600293,0.878860,0.879160,0
20140302 172600637,0.878850,0.879150,0
20140302 172610950,0.878860,0.879160,0
20140302 172617480,0.878870,0.879170,0
20140302 172618167,0.878850,0.879150,0
20140302 172623310,0.878880,0.879180,0
20140302 172626060,0.878890,0.879190,0
20140302 172629497,0.878900,0.879200,0
20140302 172640167,0.878910,0.879210,0
20140302 172647387,0.878900,0.879200,0
20140302 172648060,0.878910,0.879210,0
20140302 172653577,0.878920,0.879220,0
20140302 172653903,0.878960,0.879260,0
20140302 172654590,0.878970,0.879270,0
20140302 172657013,0.878960,0.879260,0
20140302 172659077,0.878970,0.879270,0
20140302 172659763,0.878960,0.879260,0
20140302 172700107,0.878970,0.879270,0
20140302 172703200,0.878980,0.879280,0
20140302 172703887,0.878970,0.879270,0
20140302 172704577,0.878980,0.879280,0
20140302 172706980,0.878970,0.879270,0
20140302 172707327,0.878950,0.879250,0
20140302 172708013,0.878970,0.879270,0
20140302 172713153,0.878980,0.879280,0
20140302 172714183,0.878990,0.879290,0
20140302 172721763,0.878980,0.879280,0
20140302 172728980,0.878970,0.879270,0
20140302 172732417,0.878940,0.879240,0
20140302 172732747,0.878960,0.879260,0
20140302 172737577,0.878980,0.879280,0
20140302 172738607,0.878940,0.879240,0
20140302 172740667,0.878950,0.879250,0
20140302 172743747,0.878980,0.879280,0
20140302 172745137,0.879000,0.879300,0
20140302 172748217,0.879010,0.879310,0
20140302 172748577,0.878990,0.879290,0
20140302 172749590,0.879000,0.879300,0
20140302 172750293,0.878980,0.879280,0
20140302 172751327,0.879000,0.879300,0
20140302 172751667,0.878960,0.879260,0
20140302 172752700,0.878980,0.879280,0
20140302 172753717,0.878960,0.879260,0
20140302 172754417,0.878990,0.879290,0
20140302 172756467,0.879000,0.879300,0
20140302 172759917,0.879020,0.879320,0
20140302 172800263,0.879030,0.879330,0
20140302 172802653,0.879020,0.879320,0
20140302 172803013,0.879030,0.879330,0
20140302 172804370,0.879020,0.879320,0
20140302 172804717,0.879030,0.879330,0
20140302 172805763,0.879020,0.879320,0
20140302 172806107,0.879030,0.879330,0
20140302 172806450,0.879020,0.879320,0
20140302 172806777,0.879010,0.879310,0
20140302 172807137,0.879020,0.879320,0
20140302 172810230,0.879010,0.879310,0
20140302 172814357,0.879020,0.879320,0
20140302 172831887,0.879010,0.879310,0
20140302 172832917,0.879020,0.879320,0
20140302 172850107,0.879010,0.879310,0
20140302 172852513,0.879020,0.879320,0
20140302 172853200,0.879010,0.879310,0
20140302 172854903,0.879030,0.879330,0
20140302 172914857,0.879020,0.879320,0
20140302 172933077,0.879010,0.879310,0
20140302 172933417,0.879020,0.879320,0
20140302 172935120,0.879030,0.879330,0
20140302 172937543,0.879020,0.879320,0
20140302 172943387,0.879030,0.879330,0
20140302 172950950,0.879020,0.879320,0
20140302 172951293,0.879030,0.879330,0
20140302 172952327,0.879020,0.879320,0
20140302 172952667,0.879030,0.879330,0
20140302 173000903,0.879020,0.879320,0
20140302 173006763,0.879030,0.879330,0
20140302 173007107,0.879040,0.879340,0
20140302 173010543,0.879030,0.879330,0
20140302 173010887,0.879040,0.879340,0
20140302 173022230,0.879070,0.879370,0
20140302 173056933,0.879080,0.879380,0
20140302 173057277,0.879200,0.879500,0
20140302 173057967,0.879190,0.879490,0
20140302 173058310,0.879200,0.879500,0
20140302 173059683,0.879220,0.879520,0
20140302 173102433,0.879230,0.879530,0
20140302 173104167,0.879260,0.879560,0
20140302 173106577,0.879240,0.879540,0
20140302 173111387,0.879230,0.879530,0
20140302 173114467,0.879270,0.879570,0
20140302 173116183,0.879240,0.879540,0
20140302 173116543,0.879250,0.879550,0
20140302 173117230,0.879230,0.879530,0
20140302 173125827,0.879220,0.879520,0
20140302 173130637,0.879230,0.879530,0
20140302 173135090,0.879210,0.879510,0
20140302 173136137,0.879200,0.879500,0
20140302 173136480,0.879220,0.879520,0
20140302 173148857,0.879240,0.879540,0
20140302 173150213,0.879250,0.879550,0
20140302 173153317,0.879240,0.879540,0
20140302 173156407,0.879250,0.879550,0
20140302 173156750,0.879290,0.879590,0
20140302 173158123,0.879250,0.879550,0
20140302 173158467,0.879280,0.879580,0
20140302 173202913,0.879270,0.879570,0
20140302 173203257,0.879300,0.879600,0
20140302 173208420,0.879290,0.879590,0
20140302 173210463,0.879300,0.879600,0
20140302 173211167,0.879290,0.879590,0
20140302 173212527,0.879300,0.879600,0
20140302 173213903,0.879290,0.879590,0
20140302 173222857,0.879300,0.879600,0
20140302 173223200,0.879290,0.879590,0
20140302 173232823,0.879300,0.879600,0
20140302 173237277,0.879290,0.879590,0
20140302 173240043,0.879220,0.879520,0
20140302 173240370,0.879260,0.879560,0
20140302 173241057,0.879250,0.879550,0
20140302 173241417,0.879230,0.879530,0
20140302 173242433,0.879220,0.879520,0
20140302 173243463,0.879230,0.879530,0
20140302 173246230,0.879260,0.879560,0
20140302 173246917,0.879250,0.879550,0
20140302 173250357,0.879230,0.879530,0
20140302 173257213,0.879220,0.879520,0
20140302 173311323,0.879230,0.879530,0
20140302 173321293,0.879210,0.879510,0
20140302 173321637,0.879190,0.879490,0
20140302 173337450,0.879220,0.879520,0
20140302 173337793,0.879230,0.879530,0
20140302 173338463,0.879210,0.879510,0
20140302 173338823,0.879200,0.879500,0
20140302 173339167,0.879190,0.879490,0
20140302 173340200,0.879210,0.879510,0
20140302 173357730,0.879220,0.879520,0
20140302 173403917,0.879230,0.879530,0
20140302 173404260,0.879220,0.879520,0
20140302 173409760,0.879230,0.879530,0
20140302 173410107,0.879220,0.879520,0
20140302 173417667,0.879230,0.879530,0
20140302 173419387,0.879220,0.879520,0
20140302 173452730,0.879230,0.879530,0
20140302 173453057,0.879220,0.879520,0
20140302 173513010,0.879210,0.879510,0
20140302 173516107,0.879230,0.879530,0
20140302 173516450,0.879220,0.879520,0
20140302 173523323,0.879230,0.879530,0
20140302 173523667,0.879220,0.879520,0
20140302 173525387,0.879230,0.879530,0
20140302 173525713,0.879220,0.879520,0
20140302 173550480,0.879230,0.879530,0
20140302 173550823,0.879220,0.879520,0
20140302 173554590,0.879240,0.879540,0
20140302 173559403,0.879220,0.879520,0
20140302 173559760,0.879180,0.879480,0
20140302 173620027,0.879190,0.879490,0
20140302 173622090,0.879200,0.879500,0
20140302 173622450,0.879220,0.879520,0
20140302 173629667,0.879190,0.879490,0
20140302 173636200,0.879180,0.879480,0
20140302 173642043,0.879170,0.879470,0
20140302 173642387,0.879180,0.879480,0
20140302 173643417,0.879170,0.879470,0
20140302 173645137,0.879180,0.879480,0
20140302 173646857,0.879170,0.879470,0
20140302 173655450,0.879130,0.879430,0
20140302 173657510,0.879170,0.879470,0
20140302 173659230,0.879140,0.879440,0
20140302 173659573,0.879090,0.879390,0
20140302 173659823,0.879110,0.879410,0
20140302 173700607,0.879140,0.879440,0
20140302 173707823,0.879170,0.879470,0
20140302 173709557,0.879160,0.879460,0
20140302 173709887,0.879210,0.879510,0
20140302 173713323,0.879200,0.879500,0
20140302 173714357,0.879210,0.879510,0
20140302 173715043,0.879200,0.879500,0
20140302 173715387,0.879210,0.879510,0
20140302 173716760,0.879190,0.879490,0
20140302 173717107,0.879230,0.879530,0
20140302 173731887,0.879250,0.879550,0
20140302 173739450,0.879260,0.879560,0
20140302 173739793,0.879250,0.879550,0
20140302 173743230,0.879240,0.879540,0
20140302 173800760,0.879210,0.879510,0
20140302 173801107,0.879200,0.879500,0
20140302 173804870,0.879210,0.879510,0
20140302 173806933,0.879200,0.879500,0
20140302 173820700,0.879210,0.879510,0
20140302 173821043,0.879200,0.879500,0
20140302 173823107,0.879210,0.879510,0
20140302 173828933,0.879240,0.879540,0
20140302 173830323,0.879250,0.879550,0
20140302 173830653,0.879240,0.879540,0
20140302 173844057,0.879250,0.879550,0
20140302 173844417,0.879240,0.879540,0
20140302 173848527,0.879250,0.879550,0
20140302 173850950,0.879240,0.879540,0
20140302 173851293,0.879250,0.879550,0
20140302 173856777,0.879240,0.879540,0
20140302 173913620,0.879250,0.879550,0
20140302 173913963,0.879260,0.879560,0
20140302 173949370,0.879250,0.879550,0
20140302 173950417,0.879240,0.879540,0
20140302 173951450,0.879250,0.879550,0
20140302 174056760,0.879260,0.879560,0
20140302 174057433,0.879250,0.879550,0
20140302 174101917,0.879260,0.879560,0
20140302 174102950,0.879250,0.879550,0
20140302 174104823,0.879260,0.879560,0
20140302 174109823,0.879250,0.879550,0
20140302 174112917,0.879330,0.879630,0
20140302 174113247,0.879340,0.879640,0
20140302 174115323,0.879350,0.879650,0
20140302 174121167,0.879390,0.879690,0
20140302 174121510,0.879420,0.879720,0
20140302 174122200,0.879430,0.879730,0
20140302 174132167,0.879420,0.879720,0
20140302 174133543,0.879430,0.879730,0
20140302 174135607,0.879420,0.879720,0
20140302 174138683,0.879430,0.879730,0
20140302 174139027,0.879450,0.879750,0
20140302 174141450,0.879460,0.879760,0
20140302 174156213,0.879440,0.879740,0
20140302 174205153,0.879430,0.879730,0
20140302 174208247,0.879450,0.879750,0
20140302 174208590,0.879480,0.879780,0
20140302 174208933,0.879560,0.879860,0
20140302 174209277,0.879660,0.879960,0
20140302 174209620,0.879800,0.880100,0
20140302 174209963,0.879730,0.880030,0
20140302 174210307,0.879630,0.879930,0
20140302 174210653,0.879620,0.879920,0
20140302 174212027,0.879610,0.879910,0
20140302 174212370,0.879620,0.879920,0
20140302 174212713,0.879610,0.879910,0
20140302 174213057,0.879570,0.879870,0
20140302 174218230,0.879540,0.879840,0
20140302 174219247,0.879550,0.879850,0
20140302 174220980,0.879580,0.879880,0
20140302 174222700,0.879570,0.879870,0
20140302 174223730,0.879560,0.879860,0
20140302 174226823,0.879570,0.879870,0
20140302 174229917,0.879560,0.879860,0
20140302 174235760,0.879570,0.879870,0
20140302 174236107,0.879560,0.879860,0
20140302 174245387,0.879550,0.879850,0
20140302 174248137,0.879580,0.879880,0
20140302 174248480,0.879570,0.879870,0
20140302 174249497,0.879590,0.879890,0
20140302 174250887,0.879580,0.879880,0
20140302 174251230,0.879590,0.879890,0
20140302 174251917,0.879580,0.879880,0
20140302 174252260,0.879590,0.879890,0
20140302 174258433,0.879580,0.879880,0
20140302 174258793,0.879560,0.879860,0
20140302 174300167,0.879570,0.879870,0
20140302 174302573,0.879580,0.879880,0
20140302 174302917,0.879550,0.879850,0
20140302 174303260,0.879570,0.879870,0
20140302 174303607,0.879560,0.879860,0
20140302 174303950,0.879570,0.879870,0
20140302 174307387,0.879580,0.879880,0
20140302 174311857,0.879570,0.879870,0
20140302 174319417,0.879580,0.879880,0
20140302 174320107,0.879550,0.879850,0
20140302 174323543,0.879560,0.879860,0
20140302 174325950,0.879590,0.879890,0
20140302 174326293,0.879580,0.879880,0
20140302 174326637,0.879590,0.879890,0
20140302 174328357,0.879560,0.879860,0
20140302 174333510,0.879580,0.879880,0
20140302 174333857,0.879570,0.879870,0
20140302 174337293,0.879530,0.879830,0
20140302 174337963,0.879520,0.879820,0
20140302 174338323,0.879540,0.879840,0
20140302 174338667,0.879510,0.879810,0
20140302 174340387,0.879520,0.879820,0
20140302 174347607,0.879510,0.879810,0
20140302 174349323,0.879540,0.879840,0
20140302 174350700,0.879520,0.879820,0
20140302 174401340,0.879540,0.879840,0
20140302 174405463,0.879550,0.879850,0
20140302 174413387,0.879530,0.879830,0
20140302 174413713,0.879550,0.879850,0
20140302 174419213,0.879540,0.879840,0
20140302 174421980,0.879550,0.879850,0
20140302 174424387,0.879540,0.879840,0
20140302 174429543,0.879560,0.879860,0
20140302 174429887,0.879550,0.879850,0
20140302 174433667,0.879560,0.879860,0
20140302 174434010,0.879550,0.879850,0
20140302 174445700,0.879560,0.879860,0
20140302 174446730,0.879540,0.879840,0
20140302 174453260,0.879550,0.879850,0
20140302 174502543,0.879610,0.879910,0
20140302 174502887,0.879620,0.879920,0
20140302 174503557,0.879640,0.879940,0
20140302 174503917,0.879630,0.879930,0
20140302 174512510,0.879650,0.879950,0
20140302 174512857,0.879630,0.879930,0
20140302 174522480,0.879620,0.879920,0
20140302 174525557,0.879630,0.879930,0
20140302 174526933,0.879640,0.879940,0
20140302 174532450,0.879620,0.879920,0
20140302 174532793,0.879640,0.879940,0
20140302 174537260,0.879660,0.879960,0
20140302 174537607,0.879630,0.879930,0
20140302 174544137,0.879620,0.879920,0
20140302 174545510,0.879630,0.879930,0
20140302 174545857,0.879590,0.879890,0
20140302 174549637,0.879560,0.879860,0
20140302 174549980,0.879480,0.879780,0
20140302 174551700,0.879470,0.879770,0
20140302 174553417,0.879480,0.879780,0
20140302 174557887,0.879520,0.879820,0
20140302 174559963,0.879580,0.879880,0
20140302 174600293,0.879610,0.879910,0
20140302 174600980,0.879590,0.879890,0
20140302 174602357,0.879610,0.879910,0
20140302 174603027,0.879590,0.879890,0
20140302 174620573,0.879580,0.879880,0
20140302 174620917,0.879540,0.879840,0
20140302 174626760,0.879520,0.879820,0
20140302 174627450,0.879530,0.879830,0
20140302 174628480,0.879550,0.879850,0
20140302 174639480,0.879540,0.879840,0
20140302 174639823,0.879520,0.879820,0
20140302 174741010,0.879530,0.879830,0
20140302 174759917,0.879540,0.879840,0
20140302 174802323,0.879550,0.879850,0
20140302 174803340,0.879510,0.879810,0
20140302 174803683,0.879540,0.879840,0
20140302 174813667,0.879550,0.879850,0
20140302 174818480,0.879570,0.879870,0
20140302 174820183,0.879620,0.879920,0
20140302 174900760,0.879610,0.879910,0
20140302 174904200,0.879580,0.879880,0
20140302 174918277,0.879600,0.879900,0
20140302 174925510,0.879590,0.879890,0
20140302 174933760,0.879610,0.879910,0
20140302 174956450,0.879590,0.879890,0
20140302 175049043,0.879560,0.879860,0
20140302 175050417,0.879530,0.879830,0
20140302 175053167,0.879520,0.879820,0
20140302 175111387,0.879510,0.879810,0
20140302 175122027,0.879550,0.879850,0
20140302 175123403,0.879570,0.879870,0
20140302 175125463,0.879560,0.879860,0
20140302 175125823,0.879550,0.879850,0
20140302 175126167,0.879540,0.879840,0
20140302 175130293,0.879530,0.879830,0
20140302 175132010,0.879540,0.879840,0
20140302 175132357,0.879450,0.879750,0
20140302 175132700,0.879440,0.879740,0
20140302 175147480,0.879450,0.879750,0
20140302 175153323,0.879460,0.879760,0
20140302 175153667,0.879510,0.879810,0
20140302 175154683,0.879520,0.879820,0
20140302 175201230,0.879420,0.879720,0
20140302 175201573,0.879350,0.879650,0
20140302 175208450,0.879340,0.879640,0
20140302 175213933,0.879320,0.879620,0
20140302 175216357,0.879290,0.879590,0
20140302 175220807,0.879280,0.879580,0
20140302 175224950,0.879290,0.879590,0
20140302 175235607,0.879280,0.879580,0
20140302 175258293,0.879270,0.879570,0
20140302 175332323,0.879260,0.879560,0
20140302 175332667,0.879270,0.879570,0
20140302 175333010,0.879260,0.879560,0
20140302 175337137,0.879270,0.879570,0
20140302 175348823,0.879260,0.879560,0
20140302 175350200,0.879270,0.879570,0
20140302 175357417,0.879290,0.879590,0
20140302 175437293,0.879300,0.879600,0
20140302 175437980,0.879290,0.879590,0
20140302 175438323,0.879300,0.879600,0
20140302 175438667,0.879290,0.879590,0
20140302 175439010,0.879300,0.879600,0
20140302 175448980,0.879320,0.879620,0
20140302 175510293,0.879310,0.879610,0
20140302 175525417,0.879280,0.879580,0
20140302 175526793,0.879270,0.879570,0
20140302 175527137,0.879280,0.879580,0
20140302 175535387,0.879220,0.879520,0
20140302 175554293,0.879150,0.879450,0
20140302 175554637,0.879090,0.879390,0
20140302 175558057,0.879100,0.879400,0
20140302 175600807,0.879090,0.879390,0
20140302 175601857,0.879100,0.879400,0
20140302 175602183,0.879090,0.879390,0
20140302 175603917,0.879120,0.879420,0
20140302 175604260,0.879140,0.879440,0
20140302 175618010,0.879180,0.879480,0
20140302 175618340,0.879140,0.879440,0
20140302 175645510,0.879100,0.879400,0
20140302 175645857,0.879090,0.879390,0
20140302 175646200,0.879080,0.879380,0
20140302 175655823,0.879070,0.879370,0
20140302 175656510,0.879130,0.879430,0
20140302 175658557,0.879120,0.879420,0
20140302 175658917,0.879080,0.879380,0
20140302 175702010,0.879090,0.879390,0
20140302 175705107,0.879060,0.879360,0
20140302 175706137,0.879050,0.879350,0
20140302 175709213,0.879040,0.879340,0
20140302 175722277,0.879050,0.879350,0
20140302 175730527,0.879030,0.879330,0
20140302 175731213,0.879040,0.879340,0
20140302 175731557,0.879030,0.879330,0
20140302 175735683,0.879010,0.879310,0
20140302 175736027,0.878960,0.879260,0
20140302 175740857,0.878940,0.879240,0
20140302 175743590,0.878910,0.879210,0
20140302 175747370,0.878930,0.879230,0
20140302 175750463,0.878910,0.879210,0
20140302 175754247,0.878930,0.879230,0
20140302 175754590,0.878920,0.879220,0
20140302 175754933,0.878900,0.879200,0
20140302 175755963,0.878850,0.879150,0
20140302 175756307,0.878840,0.879140,0
20140302 175801807,0.878860,0.879160,0
20140302 175806963,0.878850,0.879150,0
20140302 175807307,0.878780,0.879080,0
20140302 175807653,0.878800,0.879100,0
20140302 175808340,0.878820,0.879120,0
20140302 175809370,0.878780,0.879080,0
20140302 175809730,0.878730,0.879030,0
20140302 175810057,0.878700,0.879000,0
20140302 175811090,0.878690,0.878990,0
20140302 175811433,0.878680,0.878980,0
20140302 175812463,0.878670,0.878970,0
20140302 175813497,0.878660,0.878960,0
20140302 175819683,0.878650,0.878950,0
20140302 175820027,0.878660,0.878960,0
20140302 175821057,0.878650,0.878950,0
20140302 175823463,0.878660,0.878960,0
20140302 175824153,0.878670,0.878970,0
20140302 175824497,0.878640,0.878940,0
20140302 175826230,0.878670,0.878970,0
20140302 175828277,0.878680,0.878980,0
20140302 175830340,0.878660,0.878960,0
20140302 175830683,0.878680,0.878980,0
20140302 175836870,0.878670,0.878970,0
20140302 175842713,0.878680,0.878980,0
20140302 175843057,0.878700,0.879000,0
20140302 175844090,0.878710,0.879010,0
20140302 175845463,0.878670,0.878970,0
20140302 175912277,0.878630,0.878930,0
20140302 175919497,0.878580,0.878880,0
20140302 175920200,0.878600,0.878900,0
20140302 175921557,0.878620,0.878920,0
20140302 175924997,0.878550,0.878850,0
20140302 175927747,0.878560,0.878860,0
20140302 175934620,0.878570,0.878870,0
20140302 175938057,0.878580,0.878880,0
20140302 175941497,0.878570,0.878870,0
20140302 175942183,0.878560,0.878860,0
20140302 175942527,0.878540,0.878840,0
20140302 175943903,0.878520,0.878820,0
20140302 175944247,0.878540,0.878840,0
20140302 175953183,0.878530,0.878830,0
20140302 175958340,0.878590,0.878890,0
20140302 175959713,0.878600,0.878900,0
20140302 180000057,0.878610,0.878910,0
20140302 180000450,0.878340,0.878640,0
20140302 180000823,0.878300,0.878600,0
20140302 180001807,0.878320,0.878620,0
20140302 180002153,0.878360,0.878660,0
20140302 180002497,0.878350,0.878650,0
20140302 180002840,0.878370,0.878670,0
20140302 180003183,0.878430,0.878730,0
20140302 180003870,0.878410,0.878710,0
20140302 180004183,0.878430,0.878730,0
20140302 180004557,0.878320,0.878620,0
20140302 180004903,0.878330,0.878630,0
20140302 180006277,0.878340,0.878640,0
20140302 180007637,0.878360,0.878660,0
20140302 180011747,0.878290,0.878590,0
20140302 180012090,0.878250,0.878550,0
20140302 180012450,0.878240,0.878540,0
20140302 180012807,0.878250,0.878550,0
20140302 180013153,0.878280,0.878580,0
20140302 180013497,0.878250,0.878550,0
20140302 180014167,0.878270,0.878570,0
20140302 180016573,0.878290,0.878590,0
20140302 180016933,0.878310,0.878610,0
20140302 180017247,0.878320,0.878620,0
20140302 180020700,0.878380,0.878680,0
20140302 180022403,0.878360,0.878660,0
20140302 180022760,0.878400,0.878700,0
20140302 180023120,0.878280,0.878580,0
20140302 180024807,0.878270,0.878570,0
20140302 180025153,0.878380,0.878680,0
20140302 180025857,0.878360,0.878660,0
20140302 180026200,0.878380,0.878680,0
20140302 180026903,0.878360,0.878660,0
20140302 180027590,0.878370,0.878670,0
20140302 180030323,0.878400,0.878700,0
20140302 180030683,0.878420,0.878720,0
20140302 180031027,0.878400,0.878700,0
20140302 180031357,0.878390,0.878690,0
20140302 180031713,0.878370,0.878670,0
20140302 180033403,0.878330,0.878630,0
20140302 180033760,0.878360,0.878660,0
20140302 180034107,0.878280,0.878580,0
20140302 180034450,0.878300,0.878600,0
20140302 180034807,0.878290,0.878590,0
20140302 180035137,0.878300,0.878600,0
20140302 180036857,0.878280,0.878580,0
20140302 180037543,0.878240,0.878540,0
20140302 180038573,0.878220,0.878520,0
20140302 180038917,0.878240,0.878540,0
20140302 180039620,0.878220,0.878520,0
20140302 180039963,0.878230,0.878530,0
20140302 180040293,0.878220,0.878520,0
20140302 180040997,0.878210,0.878510,0
20140302 180041323,0.878200,0.878500,0
20140302 180041667,0.878190,0.878490,0
20140302 180043387,0.878210,0.878510,0
20140302 180045793,0.878200,0.878500,0
20140302 180046480,0.878190,0.878490,0
20140302 180046823,0.878170,0.878470,0
20140302 180047153,0.878160,0.878460,0
20140302 180047497,0.878170,0.878470,0
20140302 180047857,0.878160,0.878460,0
20140302 180048183,0.878170,0.878470,0
20140302 180048527,0.878160,0.878460,0
20140302 180048870,0.878170,0.878470,0
20140302 180049213,0.878150,0.878450,0
20140302 180051277,0.878140,0.878440,0
20140302 180051637,0.878150,0.878450,0
20140302 180051963,0.878170,0.878470,0
20140302 180100933,0.878230,0.878530,0
20140302 180101277,0.878210,0.878510,0
20140302 180101950,0.878200,0.878500,0
20140302 180103323,0.878170,0.878470,0
20140302 180113307,0.878160,0.878460,0
20140302 180113637,0.878150,0.878450,0
20140302 180114683,0.878170,0.878470,0
20140302 180115027,0.878190,0.878490,0
20140302 180116730,0.878170,0.878470,0
20140302 180118107,0.878160,0.878460,0
20140302 180119137,0.878140,0.878440,0
20140302 180123607,0.878130,0.878430,0
20140302 180133230,0.878140,0.878440,0
20140302 180134950,0.878130,0.878430,0
20140302 180137357,0.878120,0.878420,0
20140302 180137700,0.878130,0.878430,0
20140302 180142183,0.878140,0.878440,0
20140302 180143557,0.878170,0.878470,0
20140302 180143887,0.878140,0.878440,0
20140302 180150057,0.878150,0.878450,0
20140302 180152497,0.878220,0.878520,0
20140302 180152840,0.878180,0.878480,0
20140302 180153510,0.878190,0.878490,0
20140302 180154557,0.878180,0.878480,0
20140302 180203137,0.878210,0.878510,0
20140302 180204167,0.878200,0.878500,0
20140302 180208293,0.878180,0.878480,0
20140302 180209340,0.878200,0.878500,0
20140302 180209683,0.878230,0.878530,0
20140302 180210027,0.878210,0.878510,0
20140302 180213433,0.878180,0.878480,0
20140302 180213777,0.878190,0.878490,0
20140302 180214137,0.878200,0.878500,0
20140302 180214463,0.878220,0.878520,0
20140302 180217590,0.878210,0.878510,0
20140302 180217917,0.878180,0.878480,0
20140302 180222747,0.878160,0.878460,0
20140302 180226153,0.878190,0.878490,0
20140302 180227903,0.878180,0.878480,0
20140302 180228573,0.878190,0.878490,0
20140302 180228903,0.878200,0.878500,0
20140302 180230307,0.878190,0.878490,0
20140302 180230653,0.878270,0.878570,0
20140302 180232010,0.878250,0.878550,0
20140302 180232340,0.878240,0.878540,0
20140302 180233730,0.878250,0.878550,0
20140302 180234417,0.878240,0.878540,0
20140302 180235793,0.878230,0.878530,0
20140302 180236137,0.878250,0.878550,0
20140302 180236480,0.878260,0.878560,0
20140302 180238200,0.878310,0.878610,0
20140302 180238543,0.878300,0.878600,0
20140302 180238887,0.878280,0.878580,0
20140302 180240247,0.878310,0.878610,0
20140302 180240620,0.878330,0.878630,0
20140302 180241637,0.878310,0.878610,0
20140302 180248497,0.878350,0.878650,0
20140302 180248857,0.878390,0.878690,0
20140302 180249200,0.878410,0.878710,0
20140302 180250213,0.878390,0.878690,0
20140302 180250573,0.878380,0.878680,0
20140302 180255730,0.878430,0.878730,0
20140302 180256073,0.878420,0.878720,0
20140302 180258823,0.878410,0.878710,0
20140302 180259167,0.878390,0.878690,0
20140302 180305700,0.878380,0.878680,0
20140302 180306043,0.878390,0.878690,0
20140302 180307090,0.878370,0.878670,0
20140302 180309153,0.878340,0.878640,0
20140302 180312903,0.878350,0.878650,0
20140302 180318073,0.878340,0.878640,0
20140302 180322183,0.878330,0.878630,0
20140302 180323573,0.878310,0.878610,0
20140302 180324247,0.878300,0.878600,0
20140302 180325637,0.878310,0.878610,0
20140302 180325980,0.878320,0.878620,0
20140302 180334573,0.878340,0.878640,0
20140302 180338357,0.878330,0.878630,0
20140302 180341793,0.878340,0.878640,0
20140302 180354153,0.878330,0.878630,0
20140302 180400340,0.878310,0.878610,0
20140302 180404807,0.878330,0.878630,0
20140302 180408247,0.878340,0.878640,0
20140302 180412713,0.878280,0.878580,0
20140302 180413057,0.878260,0.878560,0
20140302 180413417,0.878240,0.878540,0
20140302 180413760,0.878340,0.878640,0
20140302 180414107,0.878300,0.878600,0
20140302 180414450,0.878370,0.878670,0
20140302 180414807,0.878380,0.878680,0
20140302 180415120,0.878390,0.878690,0
20140302 180418213,0.878370,0.878670,0
20140302 180418557,0.878380,0.878680,0
20140302 180419607,0.878370,0.878670,0
20140302 180419950,0.878400,0.878700,0
20140302 180420277,0.878390,0.878690,0
20140302 180425433,0.878400,0.878700,0
20140302 180428183,0.878390,0.878690,0
20140302 180429557,0.878380,0.878680,0
20140302 180429903,0.878420,0.878720,0
20140302 180430247,0.878460,0.878760,0
20140302 180432323,0.878440,0.878740,0
20140302 180443667,0.878410,0.878710,0
20140302 180445387,0.878420,0.878720,0
20140302 180508057,0.878430,0.878730,0
20140302 180509120,0.878450,0.878750,0
20140302 180509450,0.878460,0.878760,0
20140302 180509793,0.878450,0.878750,0
20140302 180519417,0.878460,0.878760,0
20140302 180519760,0.878490,0.878790,0
20140302 180525933,0.878500,0.878800,0
20140302 180526637,0.878510,0.878810,0
20140302 180529043,0.878500,0.878800,0
20140302 180530057,0.878490,0.878790,0
20140302 180531450,0.878510,0.878810,0
20140302 180532137,0.878500,0.878800,0
20140302 180542450,0.878510,0.878810,0
20140302 180542793,0.878540,0.878840,0
20140302 180543807,0.878520,0.878820,0
20140302 180544167,0.878500,0.878800,0
20140302 180545200,0.878510,0.878810,0
20140302 180546230,0.878530,0.878830,0
20140302 180546917,0.878520,0.878820,0
20140302 180548293,0.878540,0.878840,0
20140302 180548637,0.878530,0.878830,0
20140302 180549307,0.878520,0.878820,0
20140302 180553463,0.878560,0.878860,0
20140302 180553793,0.878580,0.878880,0
20140302 180554137,0.878590,0.878890,0
20140302 180554823,0.878580,0.878880,0
20140302 180555167,0.878590,0.878890,0
20140302 180555510,0.878580,0.878880,0
20140302 180555857,0.878590,0.878890,0
20140302 180557557,0.878610,0.878910,0
20140302 180557917,0.878640,0.878940,0
20140302 180558260,0.878670,0.878970,0
20140302 180558607,0.878640,0.878940,0
20140302 180559637,0.878790,0.879090,0
20140302 180559980,0.878670,0.878970,0
20140302 180600323,0.878700,0.879000,0
20140302 180600667,0.878730,0.879030,0
20140302 180602387,0.878750,0.879050,0
20140302 180602730,0.878760,0.879060,0
20140302 180606167,0.878730,0.879030,0
20140302 180608230,0.878650,0.878950,0
20140302 180608573,0.878700,0.879000,0
20140302 180612340,0.878710,0.879010,0
20140302 180614760,0.878720,0.879020,0
20140302 180616480,0.878730,0.879030,0
20140302 180616807,0.878720,0.879020,0
20140302 180617857,0.878730,0.879030,0
20140302 180618200,0.878720,0.879020,0
20140302 180618543,0.878730,0.879030,0
20140302 180618870,0.878760,0.879060,0
20140302 180619230,0.878840,0.879140,0
20140302 180619557,0.878850,0.879150,0
20140302 180619917,0.878870,0.879170,0
20140302 180636777,0.878880,0.879180,0
20140302 180640917,0.878860,0.879160,0
20140302 180644840,0.878840,0.879140,0
20140302 180645027,0.878850,0.879150,0
20140302 180645713,0.878840,0.879140,0
20140302 180646043,0.878850,0.879150,0
20140302 180648463,0.878840,0.879140,0
20140302 180651887,0.878820,0.879120,0
20140302 180652260,0.878750,0.879050,0
20140302 180652590,0.878760,0.879060,0
20140302 180727293,0.878750,0.879050,0
20140302 180727637,0.878770,0.879070,0
20140302 180731417,0.878720,0.879020,0
20140302 180731777,0.878780,0.879080,0
20140302 180733840,0.878770,0.879070,0
20140302 180734167,0.878780,0.879080,0
20140302 180737963,0.878770,0.879070,0
20140302 180738307,0.878780,0.879080,0
20140302 180814057,0.878790,0.879090,0
20140302 180819200,0.878800,0.879100,0
20140302 180819543,0.878790,0.879090,0
20140302 180821963,0.878800,0.879100,0
20140302 180822293,0.878790,0.879090,0
20140302 180825057,0.878800,0.879100,0
20140302 180835370,0.878790,0.879090,0
20140302 180839497,0.878770,0.879070,0
20140302 180840167,0.878780,0.879080,0
20140302 180840527,0.878770,0.879070,0
20140302 180840857,0.878780,0.879080,0
20140302 180852903,0.878800,0.879100,0
20140302 180855653,0.878790,0.879090,0
20140302 180856340,0.878800,0.879100,0
20140302 180856683,0.878790,0.879090,0
20140302 180937247,0.878780,0.879080,0
20140302 180938963,0.878800,0.879100,0
20140302 180939293,0.878790,0.879090,0
20140302 180942043,0.878820,0.879120,0
20140302 180957857,0.878840,0.879140,0
20140302 181003010,0.878860,0.879160,0
20140302 181003370,0.878830,0.879130,0
20140302 181017807,0.878810,0.879110,0
20140302 181034307,0.878790,0.879090,0
20140302 181034653,0.878780,0.879080,0
20140302 181034980,0.878770,0.879070,0
20140302 181035323,0.878760,0.879060,0
20140302 181036027,0.878750,0.879050,0
20140302 181036370,0.878600,0.878900,0
20140302 181036730,0.878670,0.878970,0
20140302 181037057,0.878730,0.879030,0
20140302 181037403,0.878740,0.879040,0
20140302 181037747,0.878760,0.879060,0
20140302 181038090,0.878740,0.879040,0
20140302 181041527,0.878760,0.879060,0
20140302 181042213,0.878650,0.878950,0
20140302 181042557,0.878660,0.878960,0
20140302 181043247,0.878630,0.878930,0
20140302 181043917,0.878620,0.878920,0
20140302 181044277,0.878590,0.878890,0
20140302 181044620,0.878570,0.878870,0
20140302 181045307,0.878580,0.878880,0
20140302 181047713,0.878610,0.878910,0
20140302 181048387,0.878620,0.878920,0
20140302 181053557,0.878630,0.878930,0
20140302 181055620,0.878620,0.878920,0
20140302 181102823,0.878640,0.878940,0
20140302 181106950,0.878700,0.879000,0
20140302 181107293,0.878710,0.879010,0
20140302 181107997,0.878700,0.879000,0
20140302 181108323,0.878710,0.879010,0
20140302 181114887,0.878730,0.879030,0
20140302 181115213,0.878720,0.879020,0
20140302 181115557,0.878730,0.879030,0
20140302 181120010,0.878760,0.879060,0
20140302 181120370,0.878720,0.879020,0
20140302 181120713,0.878730,0.879030,0
20140302 181121403,0.878720,0.879020,0
20140302 181125510,0.878730,0.879030,0
20140302 181125857,0.878770,0.879070,0
20140302 181126200,0.878820,0.879120,0
20140302 181138933,0.878830,0.879130,0
20140302 181139260,0.878800,0.879100,0
20140302 181139620,0.878790,0.879090,0
20140302 181150963,0.878810,0.879110,0
20140302 181151293,0.878780,0.879080,0
20140302 181205043,0.878760,0.879060,0
20140302 181212277,0.878750,0.879050,0
20140302 181213307,0.878790,0.879090,0
20140302 181213653,0.878800,0.879100,0
20140302 181218463,0.878820,0.879120,0
20140302 181219153,0.878800,0.879100,0
20140302 181219510,0.878700,0.879000,0
20140302 181219840,0.878690,0.878990,0
20140302 181221557,0.878700,0.879000,0
20140302 181221887,0.878690,0.878990,0
20140302 181222247,0.878700,0.879000,0
20140302 181222933,0.878690,0.878990,0
20140302 181228433,0.878700,0.879000,0
20140302 181228777,0.878690,0.878990,0
20140302 181232230,0.878660,0.878960,0
20140302 181232557,0.878640,0.878940,0
20140302 181238387,0.878630,0.878930,0
20140302 181239433,0.878660,0.878960,0
20140302 181245277,0.878650,0.878950,0
20140302 181245620,0.878670,0.878970,0
20140302 181248370,0.878680,0.878980,0
20140302 181250090,0.878670,0.878970,0
20140302 181250433,0.878680,0.878980,0
20140302 181251120,0.878670,0.878970,0
20140302 181252153,0.878680,0.878980,0
20140302 181256620,0.878710,0.879010,0
20140302 181257307,0.878700,0.879000,0
20140302 181257997,0.878710,0.879010,0
20140302 181258340,0.878700,0.879000,0
20140302 181259027,0.878690,0.878990,0
20140302 181259357,0.878680,0.878980,0
20140302 181300057,0.878670,0.878970,0
20140302 181301090,0.878680,0.878980,0
20140302 181301777,0.878670,0.878970,0
20140302 181302120,0.878680,0.878980,0
20140302 181303823,0.878670,0.878970,0
20140302 181315167,0.878650,0.878950,0
20140302 181316213,0.878660,0.878960,0
20140302 181316887,0.878650,0.878950,0
20140302 181321713,0.878660,0.878960,0
20140302 181324120,0.878670,0.878970,0
20140302 181324463,0.878680,0.878980,0
20140302 181327887,0.878670,0.878970,0
20140302 181330637,0.878680,0.878980,0
20140302 181330980,0.878670,0.878970,0
20140302 181331667,0.878680,0.878980,0
20140302 181332713,0.878670,0.878970,0
20140302 181333057,0.878650,0.878950,0
20140302 181333747,0.878660,0.878960,0
20140302 181337870,0.878650,0.878950,0
20140302 181339573,0.878660,0.878960,0
20140302 181341653,0.878650,0.878950,0
20140302 181341997,0.878660,0.878960,0
20140302 181344747,0.878650,0.878950,0
20140302 181345417,0.878660,0.878960,0
20140302 181345760,0.878650,0.878950,0
20140302 181348527,0.878660,0.878960,0
20140302 181348857,0.878650,0.878950,0
20140302 181349200,0.878660,0.878960,0
20140302 181350230,0.878680,0.878980,0
20140302 181354010,0.878670,0.878970,0
20140302 181354370,0.878680,0.878980,0
20140302 181354713,0.878660,0.878960,0
20140302 181355387,0.878680,0.878980,0
20140302 181404340,0.878710,0.879010,0
20140302 181404667,0.878700,0.879000,0
20140302 181406730,0.878670,0.878970,0
20140302 181407417,0.878680,0.878980,0
20140302 181407760,0.878670,0.878970,0
20140302 181412917,0.878680,0.878980,0
20140302 181413607,0.878670,0.878970,0
20140302 181426340,0.878650,0.878950,0
20140302 181426683,0.878660,0.878960,0
20140302 181427370,0.878640,0.878940,0
20140302 181432870,0.878660,0.878960,0
20140302 181433213,0.878650,0.878950,0
20140302 181453857,0.878580,0.878880,0
20140302 181454527,0.878620,0.878920,0
20140302 181454823,0.878640,0.878940,0
20140302 181459340,0.878690,0.878990,0
20140302 181502107,0.878670,0.878970,0
20140302 181503463,0.878660,0.878960,0
20140302 181505510,0.878650,0.878950,0
20140302 181506200,0.878660,0.878960,0
20140302 181507590,0.878650,0.878950,0
20140302 181508607,0.878580,0.878880,0
20140302 181508950,0.878550,0.878850,0
20140302 181509307,0.878580,0.878880,0
20140302 181509653,0.878590,0.878890,0
20140302 181510667,0.878610,0.878910,0
20140302 181511010,0.878650,0.878950,0
20140302 181511357,0.878570,0.878870,0
20140302 181511713,0.878550,0.878850,0
20140302 181512043,0.878560,0.878860,0
20140302 181512387,0.878610,0.878910,0
20140302 181518917,0.878580,0.878880,0
20140302 181523057,0.878590,0.878890,0
20140302 181523417,0.878610,0.878910,0
20140302 181523760,0.878680,0.878980,0
20140302 181524433,0.878690,0.878990,0
20140302 181524777,0.878680,0.878980,0
20140302 181525120,0.878690,0.878990,0
20140302 181527183,0.878680,0.878980,0
20140302 181527543,0.878690,0.878990,0
20140302 181537823,0.878680,0.878980,0
20140302 181538167,0.878690,0.878990,0
20140302 181547793,0.878680,0.878980,0
20140302 181548480,0.878690,0.878990,0
20140302 181550543,0.878700,0.879000,0
20140302 181550887,0.878710,0.879010,0
20140302 181551917,0.878720,0.879020,0
20140302 181552277,0.878740,0.879040,0
20140302 181552607,0.878730,0.879030,0
20140302 181552963,0.878750,0.879050,0
20140302 181553307,0.878730,0.879030,0
20140302 181553637,0.878740,0.879040,0
20140302 181553980,0.878730,0.879030,0
20140302 181554323,0.878740,0.879040,0
20140302 181555700,0.878730,0.879030,0
20140302 181556043,0.878740,0.879040,0
20140302 181556387,0.878730,0.879030,0
20140302 181558120,0.878740,0.879040,0
20140302 181559167,0.878730,0.879030,0
20140302 181559840,0.878740,0.879040,0
20140302 181609463,0.878660,0.878960,0
20140302 181609807,0.878710,0.879010,0
20140302 181611870,0.878730,0.879030,0
20140302 181615323,0.878690,0.878990,0
20140302 181615653,0.878630,0.878930,0
20140302 181615997,0.878640,0.878940,0
20140302 181618403,0.878630,0.878930,0
20140302 181625277,0.878620,0.878920,0
20140302 181636277,0.878610,0.878910,0
20140302 181705840,0.878590,0.878890,0
20140302 181706167,0.878600,0.878900,0
20140302 181707557,0.878610,0.878910,0
20140302 181711683,0.878600,0.878900,0
20140302 181712027,0.878590,0.878890,0
20140302 181713057,0.878600,0.878900,0
20140302 181714433,0.878610,0.878910,0
20140302 181727497,0.878620,0.878920,0
20140302 181733340,0.878630,0.878930,0
20140302 181740543,0.878620,0.878920,0
20140302 181742607,0.878610,0.878910,0
20140302 181742950,0.878600,0.878900,0
20140302 181750167,0.878610,0.878910,0
20140302 181802200,0.878620,0.878920,0
20140302 181802557,0.878680,0.878980,0
20140302 181802887,0.878710,0.879010,0
20140302 181803230,0.878720,0.879020,0
20140302 181823167,0.878710,0.879010,0
20140302 181824200,0.878700,0.879000,0
20140302 181843107,0.878710,0.879010,0
20140302 181907870,0.878670,0.878970,0
20140302 181908213,0.878650,0.878950,0
20140302 181908903,0.878690,0.878990,0
20140302 181910620,0.878680,0.878980,0
20140302 181913027,0.878690,0.878990,0
20140302 181914043,0.878710,0.879010,0
20140302 181914417,0.878790,0.879090,0
20140302 181915090,0.878830,0.879130,0
20140302 181915433,0.878880,0.879180,0
20140302 181916107,0.878900,0.879200,0
20140302 181917153,0.878950,0.879250,0
20140302 181917480,0.878940,0.879240,0
20140302 181917840,0.878960,0.879260,0
20140302 181918183,0.878970,0.879270,0
20140302 181919213,0.878980,0.879280,0
20140302 181919557,0.878990,0.879290,0
20140302 181921277,0.878960,0.879260,0
20140302 181921620,0.878970,0.879270,0
20140302 181922637,0.878980,0.879280,0
20140302 181922997,0.878970,0.879270,0
20140302 181927463,0.878940,0.879240,0
20140302 181927793,0.878970,0.879270,0
20140302 181931247,0.878990,0.879290,0
20140302 181932277,0.879000,0.879300,0
20140302 181932620,0.878980,0.879280,0
20140302 181935713,0.879000,0.879300,0
20140302 181940510,0.878990,0.879290,0
20140302 181943277,0.878950,0.879250,0
20140302 181953573,0.878960,0.879260,0
20140302 181954260,0.878950,0.879250,0
20140302 181956340,0.878960,0.879260,0
20140302 181956683,0.879000,0.879300,0
20140302 181957027,0.879010,0.879310,0
20140302 181957713,0.879020,0.879320,0
20140302 182015590,0.878940,0.879240,0
20140302 182017980,0.878950,0.879250,0
20140302 182018340,0.878990,0.879290,0
20140302 182020747,0.879000,0.879300,0
20140302 182042387,0.879020,0.879320,0
20140302 182042747,0.879030,0.879330,0
20140302 182043433,0.879020,0.879320,0
20140302 182044137,0.879030,0.879330,0
20140302 182046167,0.879020,0.879320,0
20140302 182046510,0.879030,0.879330,0
20140302 182049620,0.879040,0.879340,0
20140302 182049963,0.879020,0.879320,0
20140302 182050293,0.879030,0.879330,0
20140302 182051340,0.879040,0.879340,0
20140302 182051667,0.879050,0.879350,0
20140302 182053403,0.879040,0.879340,0
20140302 182056480,0.879050,0.879350,0
20140302 182058213,0.879070,0.879370,0
20140302 182058543,0.879060,0.879360,0
20140302 182058903,0.879090,0.879390,0
20140302 182059230,0.879050,0.879350,0
20140302 182059933,0.879060,0.879360,0
20140302 182101980,0.879050,0.879350,0
20140302 182105433,0.879080,0.879380,0
20140302 182105777,0.879040,0.879340,0
20140302 182106137,0.879070,0.879370,0
20140302 182112307,0.879050,0.879350,0
20140302 182113340,0.879030,0.879330,0
20140302 182113683,0.879070,0.879370,0
20140302 182114010,0.879080,0.879380,0
20140302 182115057,0.879060,0.879360,0
20140302 182115403,0.879070,0.879370,0
20140302 182115747,0.879080,0.879380,0
20140302 182121590,0.879060,0.879360,0
20140302 182121933,0.879070,0.879370,0
20140302 182123293,0.879050,0.879350,0
20140302 182123653,0.879070,0.879370,0
20140302 182125010,0.879100,0.879400,0
20140302 182125370,0.879090,0.879390,0
20140302 182129823,0.879100,0.879400,0
20140302 182130527,0.879110,0.879410,0
20140302 182140480,0.879120,0.879420,0
20140302 182145653,0.879100,0.879400,0
20140302 182147027,0.879090,0.879390,0
20140302 182149793,0.879110,0.879410,0
20140302 182151137,0.879080,0.879380,0
20140302 182151857,0.879100,0.879400,0
20140302 182153557,0.879090,0.879390,0
20140302 182154230,0.879130,0.879430,0
20140302 182154590,0.879140,0.879440,0
20140302 182155260,0.879110,0.879410,0
20140302 182155950,0.879120,0.879420,0
20140302 182156293,0.879130,0.879430,0
20140302 182156637,0.879140,0.879440,0
20140302 182157340,0.879130,0.879430,0
20140302 182158027,0.879140,0.879440,0
20140302 182159760,0.879150,0.879450,0
20140302 182200417,0.879140,0.879440,0
20140302 182202497,0.879160,0.879460,0
20140302 182214527,0.879150,0.879450,0
20140302 182216247,0.879140,0.879440,0
20140302 182217963,0.879100,0.879400,0
20140302 182221043,0.879080,0.879380,0
20140302 182250260,0.879070,0.879370,0
20140302 182255433,0.879060,0.879360,0
20140302 182259903,0.879070,0.879370,0
20140302 182300247,0.879060,0.879360,0
20140302 182326370,0.879050,0.879350,0
20140302 182328090,0.879060,0.879360,0
20140302 182329107,0.879050,0.879350,0
20140302 182335653,0.879060,0.879360,0
20140302 182335997,0.879050,0.879350,0
20140302 182339777,0.879060,0.879360,0
20140302 182341497,0.879050,0.879350,0
20140302 182353527,0.879040,0.879340,0
20140302 182353857,0.879050,0.879350,0
20140302 182354903,0.879040,0.879340,0
20140302 182403153,0.879050,0.879350,0
20140302 182404510,0.879040,0.879340,0
20140302 182412433,0.879050,0.879350,0
20140302 182413120,0.879060,0.879360,0
20140302 182417590,0.879050,0.879350,0
20140302 182418277,0.879060,0.879360,0
20140302 182421357,0.879030,0.879330,0
20140302 182425497,0.879040,0.879340,0
20140302 182430637,0.879030,0.879330,0
20140302 182433387,0.879040,0.879340,0
20140302 182433747,0.879050,0.879350,0
20140302 182434090,0.879060,0.879360,0
20140302 182439590,0.879030,0.879330,0
20140302 182441653,0.879060,0.879360,0
20140302 182442683,0.879050,0.879350,0
20140302 182445417,0.879040,0.879340,0
20140302 182445777,0.879030,0.879330,0
20140302 182446120,0.879050,0.879350,0
20140302 182446463,0.879060,0.879360,0
20140302 182446807,0.879070,0.879370,0
20140302 182447137,0.879080,0.879380,0
20140302 182450933,0.879070,0.879370,0
20140302 182451963,0.879080,0.879380,0
20140302 182452307,0.879070,0.879370,0
20140302 182452653,0.879090,0.879390,0
20140302 182454700,0.879100,0.879400,0
20140302 182457107,0.879070,0.879370,0
20140302 182458153,0.879080,0.879380,0
20140302 182458510,0.879070,0.879370,0
20140302 182518073,0.879060,0.879360,0
20140302 182520823,0.879100,0.879400,0
20140302 182522213,0.879110,0.879410,0
20140302 182523590,0.879090,0.879390,0
20140302 182526010,0.879100,0.879400,0
20140302 182526357,0.879080,0.879380,0
20140302 182536653,0.879070,0.879370,0
20140302 182620997,0.879090,0.879390,0
20140302 182621683,0.879080,0.879380,0
20140302 182641260,0.879070,0.879370,0
20140302 182702247,0.879060,0.879360,0
20140302 182702573,0.879070,0.879370,0
20140302 182710153,0.879090,0.879390,0
20140302 182710480,0.879070,0.879370,0
20140302 182712903,0.879090,0.879390,0
20140302 182713247,0.879100,0.879400,0
20140302 182720107,0.879080,0.879380,0
20140302 182720463,0.879070,0.879370,0
20140302 182742793,0.879080,0.879380,0
20140302 182743137,0.879070,0.879370,0
20140302 182832980,0.879080,0.879380,0
20140302 182858760,0.879090,0.879390,0
20140302 182933153,0.879070,0.879370,0
20140302 182953760,0.879080,0.879380,0
20140302 182954120,0.879090,0.879390,0
20140302 183015073,0.879080,0.879380,0
20140302 183035700,0.879090,0.879390,0
20140302 183036057,0.879100,0.879400,0
20140302 183051167,0.879090,0.879390,0
20140302 183051527,0.879100,0.879400,0
20140302 183102167,0.879110,0.879410,0
20140302 183103887,0.879120,0.879420,0
20140302 183106653,0.879110,0.879410,0
20140302 183109747,0.879100,0.879400,0
20140302 183125557,0.879110,0.879410,0
20140302 183139307,0.879100,0.879400,0
20140302 183148260,0.879120,0.879420,0
20140302 183148607,0.879210,0.879510,0
20140302 183148950,0.879200,0.879500,0
20140302 183149260,0.879220,0.879520,0
20140302 183156153,0.879180,0.879480,0
20140302 183156480,0.879150,0.879450,0
20140302 183228463,0.879140,0.879440,0
20140302 183231213,0.879150,0.879450,0
20140302 183244950,0.879130,0.879430,0
20140302 183245293,0.879110,0.879410,0
20140302 183245637,0.879100,0.879400,0
20140302 183258700,0.879110,0.879410,0
20140302 183259387,0.879120,0.879420,0
20140302 183302480,0.879110,0.879410,0
20140302 183303510,0.879120,0.879420,0
20140302 183305247,0.879090,0.879390,0
20140302 183305590,0.879120,0.879420,0
20140302 183305933,0.879130,0.879430,0
20140302 183310747,0.879080,0.879380,0
20140302 183313823,0.879070,0.879370,0
20140302 183314167,0.879050,0.879350,0
20140302 183315213,0.879080,0.879380,0
20140302 183315557,0.879090,0.879390,0
20140302 183325870,0.879100,0.879400,0
20140302 183326557,0.879130,0.879430,0
20140302 183335840,0.879120,0.879420,0
20140302 183343387,0.879130,0.879430,0
20140302 183347167,0.879140,0.879440,0
20140302 183348887,0.879130,0.879430,0
20140302 183349917,0.879140,0.879440,0
20140302 183350260,0.879130,0.879430,0
20140302 183400917,0.879140,0.879440,0
20140302 183401607,0.879120,0.879420,0
20140302 183408153,0.879160,0.879460,0
20140302 183408497,0.879170,0.879470,0
20140302 183413307,0.879180,0.879480,0
20140302 183414683,0.879170,0.879470,0
20140302 183416387,0.879150,0.879450,0
20140302 183416747,0.879140,0.879440,0
20140302 183510700,0.879150,0.879450,0
20140302 183511403,0.879140,0.879440,0
20140302 183512433,0.879150,0.879450,0
20140302 183512777,0.879140,0.879440,0
20140302 183523090,0.879150,0.879450,0
20140302 183525840,0.879140,0.879440,0
20140302 183526870,0.879150,0.879450,0
20140302 183529963,0.879140,0.879440,0
20140302 183600543,0.879130,0.879430,0
20140302 183605010,0.879140,0.879440,0
20140302 183643183,0.879130,0.879430,0
20140302 183704153,0.879140,0.879440,0
20140302 183709653,0.879160,0.879460,0
20140302 183709980,0.879200,0.879500,0
20140302 183710340,0.879220,0.879520,0
20140302 183730620,0.879210,0.879510,0
20140302 183737497,0.879200,0.879500,0
20140302 183737823,0.879190,0.879490,0
20140302 183738527,0.879180,0.879480,0
20140302 183744713,0.879160,0.879460,0
20140302 183746777,0.879170,0.879470,0
20140302 183747463,0.879160,0.879460,0
20140302 183747793,0.879170,0.879470,0
20140302 183748153,0.879160,0.879460,0
20140302 183748497,0.879170,0.879470,0
20140302 183754683,0.879160,0.879460,0
20140302 183803620,0.879150,0.879450,0
20140302 183832497,0.879160,0.879460,0
20140302 183834543,0.879170,0.879470,0
20140302 183856903,0.879160,0.879460,0
20140302 183857247,0.879170,0.879470,0
20140302 183859307,0.879160,0.879460,0
20140302 183901713,0.879170,0.879470,0
20140302 183905137,0.879160,0.879460,0
20140302 183905497,0.879170,0.879470,0
20140302 183910997,0.879150,0.879450,0
20140302 183911683,0.879160,0.879460,0
20140302 183913057,0.879130,0.879430,0
20140302 183913403,0.879140,0.879440,0
20140302 183917510,0.879110,0.879410,0
20140302 183918557,0.879090,0.879390,0
20140302 183918903,0.879040,0.879340,0
20140302 183925433,0.879030,0.879330,0
20140302 183926463,0.879020,0.879320,0
20140302 183929557,0.879000,0.879300,0
20140302 183930933,0.878990,0.879290,0
20140302 183931260,0.878980,0.879280,0
20140302 183931620,0.878960,0.879260,0
20140302 183931963,0.878950,0.879250,0
20140302 183932323,0.878960,0.879260,0
20140302 183932653,0.878970,0.879270,0
20140302 183934713,0.878960,0.879260,0
20140302 183942277,0.878950,0.879250,0
20140302 183956713,0.878970,0.879270,0
20140302 183957057,0.879010,0.879310,0
20140302 183957730,0.879020,0.879320,0
20140302 183958417,0.879010,0.879310,0
20140302 183959463,0.879020,0.879320,0
20140302 184000153,0.879010,0.879310,0
20140302 184000497,0.879020,0.879320,0
20140302 184001543,0.879030,0.879330,0
20140302 184002557,0.879040,0.879340,0
20140302 184014917,0.879060,0.879360,0
20140302 184016667,0.879070,0.879370,0
20140302 184016997,0.879080,0.879380,0
20140302 184017357,0.879090,0.879390,0
20140302 184019730,0.879110,0.879410,0
20140302 184020433,0.879120,0.879420,0
20140302 184020777,0.879130,0.879430,0
20140302 184021463,0.879140,0.879440,0
20140302 184025590,0.879090,0.879390,0
20140302 184025933,0.879060,0.879360,0
20140302 184029387,0.879070,0.879370,0
20140302 184030403,0.879090,0.879390,0
20140302 184030747,0.879100,0.879400,0
20140302 184031433,0.879130,0.879430,0
20140302 184032807,0.879150,0.879450,0
20140302 184034823,0.879180,0.879480,0
20140302 184035557,0.879190,0.879490,0
20140302 184041057,0.879180,0.879480,0
20140302 184041387,0.879190,0.879490,0
20140302 184042760,0.879170,0.879470,0
20140302 184043120,0.879180,0.879480,0
20140302 184045183,0.879190,0.879490,0
20140302 184045527,0.879200,0.879500,0
20140302 184046213,0.879210,0.879510,0
20140302 184046557,0.879220,0.879520,0
20140302 184046903,0.879230,0.879530,0
20140302 184048620,0.879240,0.879540,0
20140302 184048950,0.879230,0.879530,0
20140302 184053433,0.879240,0.879540,0
20140302 184056870,0.879250,0.879550,0
20140302 184057557,0.879240,0.879540,0
20140302 184102713,0.879250,0.879550,0
20140302 184103043,0.879230,0.879530,0
20140302 184113713,0.879220,0.879520,0
20140302 184114057,0.879210,0.879510,0
20140302 184114747,0.879200,0.879500,0
20140302 184120933,0.879210,0.879510,0
20140302 184121620,0.879180,0.879480,0
20140302 184122653,0.879190,0.879490,0
20140302 184125403,0.879180,0.879480,0
20140302 184143620,0.879190,0.879490,0
20140302 184144980,0.879180,0.879480,0
20140302 184147747,0.879190,0.879490,0
20140302 184148090,0.879180,0.879480,0
20140302 184148777,0.879190,0.879490,0
20140302 184152213,0.879180,0.879480,0
20140302 184154277,0.879190,0.879490,0
20140302 184154950,0.879200,0.879500,0
20140302 184155997,0.879210,0.879510,0
20140302 184157370,0.879200,0.879500,0
20140302 184157713,0.879190,0.879490,0
20140302 184200120,0.879180,0.879480,0
20140302 184200463,0.879160,0.879460,0
20140302 184200807,0.879130,0.879430,0
20140302 184202527,0.879110,0.879410,0
20140302 184202870,0.879120,0.879420,0
20140302 184204590,0.879130,0.879430,0
20140302 184204933,0.879120,0.879420,0
20140302 184205277,0.879160,0.879460,0
20140302 184205620,0.879170,0.879470,0
20140302 184214543,0.879180,0.879480,0
20140302 184228997,0.879160,0.879460,0
20140302 184232777,0.879170,0.879470,0
20140302 184233463,0.879190,0.879490,0
20140302 184233793,0.879200,0.879500,0
20140302 184242747,0.879210,0.879510,0
20140302 184252713,0.879200,0.879500,0
20140302 184253057,0.879190,0.879490,0
20140302 184257510,0.879200,0.879500,0
20140302 184257870,0.879180,0.879480,0
20140302 184259917,0.879170,0.879470,0
20140302 184301323,0.879160,0.879460,0
20140302 184310933,0.879180,0.879480,0
20140302 184311277,0.879160,0.879460,0
20140302 184318153,0.879170,0.879470,0
20140302 184318497,0.879180,0.879480,0
20140302 184319183,0.879190,0.879490,0
20140302 184320557,0.879210,0.879510,0
20140302 184329823,0.879200,0.879500,0
20140302 184331200,0.879190,0.879490,0
20140302 184332230,0.879180,0.879480,0
20140302 184338433,0.879170,0.879470,0
20140302 184339463,0.879140,0.879440,0
20140302 184339807,0.879130,0.879430,0
20140302 184341870,0.879160,0.879460,0
20140302 184342557,0.879180,0.879480,0
20140302 184342903,0.879170,0.879470,0
20140302 184343247,0.879180,0.879480,0
20140302 184348747,0.879190,0.879490,0
20140302 184403183,0.879210,0.879510,0
20140302 184405590,0.879200,0.879500,0
20140302 184407997,0.879210,0.879510,0
20140302 184410403,0.879200,0.879500,0
20140302 184413153,0.879190,0.879490,0
20140302 184413497,0.879200,0.879500,0
20140302 184420010,0.879210,0.879510,0
20140302 184426213,0.879200,0.879500,0
20140302 184438590,0.879190,0.879490,0
20140302 184444433,0.879180,0.879480,0
20140302 184446497,0.879160,0.879460,0
20140302 184448543,0.879170,0.879470,0
20140302 184448887,0.879160,0.879460,0
20140302 184449933,0.879170,0.879470,0
20140302 184450620,0.879180,0.879480,0
20140302 184453713,0.879210,0.879510,0
20140302 184506777,0.879220,0.879520,0
20140302 184509167,0.879230,0.879530,0
20140302 184513637,0.879240,0.879540,0
20140302 184520200,0.879250,0.879550,0
20140302 184520527,0.879240,0.879540,0
20140302 184520870,0.879230,0.879530,0
20140302 184523620,0.879200,0.879500,0
20140302 184523963,0.879220,0.879520,0
20140302 184525340,0.879240,0.879540,0
20140302 184526370,0.879230,0.879530,0
20140302 184542870,0.879220,0.879520,0
20140302 184543557,0.879230,0.879530,0
20140302 184546653,0.879220,0.879520,0
20140302 184550073,0.879180,0.879480,0
20140302 184550433,0.879190,0.879490,0
20140302 184554887,0.879180,0.879480,0
20140302 184555247,0.879150,0.879450,0
20140302 184555590,0.879170,0.879470,0
20140302 184556260,0.879140,0.879440,0
20140302 184556620,0.879080,0.879380,0
20140302 184557307,0.879070,0.879370,0
20140302 184557637,0.879020,0.879320,0
20140302 184557997,0.879010,0.879310,0
20140302 184558340,0.879020,0.879320,0
20140302 184558683,0.878990,0.879290,0
20140302 184559010,0.878980,0.879280,0
20140302 184559357,0.878970,0.879270,0
20140302 184559700,0.878980,0.879280,0
20140302 184600730,0.878970,0.879270,0
20140302 184603840,0.878960,0.879260,0
20140302 184604167,0.879010,0.879310,0
20140302 184609667,0.879020,0.879320,0
20140302 184611747,0.879010,0.879310,0
20140302 184615870,0.879000,0.879300,0
20140302 184616557,0.878980,0.879280,0
20140302 184617590,0.878990,0.879290,0
20140302 184617917,0.879040,0.879340,0
20140302 184618277,0.878990,0.879290,0
20140302 184618620,0.879030,0.879330,0
20140302 184619653,0.879040,0.879340,0
20140302 184623777,0.879010,0.879310,0
20140302 184625153,0.879020,0.879320,0
20140302 184626183,0.879010,0.879310,0
20140302 184633043,0.878990,0.879290,0
20140302 184634760,0.879000,0.879300,0
20140302 184635120,0.878990,0.879290,0
20140302 184635807,0.879000,0.879300,0
20140302 184636153,0.878990,0.879290,0
20140302 184636497,0.879000,0.879300,0
20140302 184638213,0.878990,0.879290,0
20140302 184638887,0.879000,0.879300,0
20140302 184641307,0.878990,0.879290,0
20140302 184643370,0.879000,0.879300,0
20140302 184643700,0.878990,0.879290,0
20140302 184644747,0.879000,0.879300,0
20140302 184651277,0.878990,0.879290,0
20140302 184653323,0.879000,0.879300,0
20140302 184700557,0.878980,0.879280,0
20140302 184700903,0.878970,0.879270,0
20140302 184701247,0.878980,0.879280,0
20140302 184701590,0.878940,0.879240,0
20140302 184701917,0.878970,0.879270,0
20140302 184704340,0.878980,0.879280,0
20140302 184711557,0.879000,0.879300,0
20140302 184711903,0.879050,0.879350,0
20140302 184712933,0.879060,0.879360,0
20140302 184732183,0.879050,0.879350,0
20140302 184734247,0.879030,0.879330,0
20140302 184734590,0.879050,0.879350,0
20140302 184755213,0.879060,0.879360,0
20140302 184800700,0.879040,0.879340,0
20140302 184808607,0.879050,0.879350,0
20140302 184809293,0.879010,0.879310,0
20140302 184838527,0.879040,0.879340,0
20140302 184917713,0.879020,0.879320,0
20140302 184918403,0.879060,0.879360,0
20140302 184918747,0.879050,0.879350,0
20140302 184920120,0.879040,0.879340,0
20140302 184920807,0.879050,0.879350,0
20140302 184922870,0.879040,0.879340,0
20140302 184924590,0.879050,0.879350,0
20140302 184926293,0.879040,0.879340,0
20140302 184927667,0.879050,0.879350,0
20140302 184928010,0.879040,0.879340,0
20140302 184932497,0.879050,0.879350,0
20140302 184933870,0.879060,0.879360,0
20140302 184946230,0.879040,0.879340,0
20140302 184948653,0.879030,0.879330,0
20140302 184948997,0.879020,0.879320,0
20140302 184949340,0.879030,0.879330,0
20140302 184951403,0.879020,0.879320,0
20140302 184954823,0.879050,0.879350,0
20140302 184955183,0.879080,0.879380,0
20140302 184957590,0.879090,0.879390,0
20140302 185006527,0.879080,0.879380,0
20140302 185010653,0.879090,0.879390,0
20140302 185010980,0.879080,0.879380,0
20140302 185011323,0.879090,0.879390,0
20140302 185012027,0.879080,0.879380,0
20140302 185019247,0.879090,0.879390,0
20140302 185022683,0.879080,0.879380,0
20140302 185029213,0.879090,0.879390,0
20140302 185029557,0.879130,0.879430,0
20140302 185029840,0.879170,0.879470,0
20140302 185030247,0.879160,0.879460,0
20140302 185031277,0.879170,0.879470,0
20140302 185046057,0.879200,0.879500,0
20140302 185119043,0.879220,0.879520,0
20140302 185121807,0.879260,0.879560,0
20140302 185122153,0.879280,0.879580,0
20140302 185123183,0.879290,0.879590,0
20140302 185143450,0.879300,0.879600,0
20140302 185144497,0.879320,0.879620,0
20140302 185144840,0.879350,0.879650,0
20140302 185145183,0.879370,0.879670,0
20140302 185145510,0.879390,0.879690,0
20140302 185219557,0.879350,0.879650,0
20140302 185236747,0.879370,0.879670,0
20140302 185239497,0.879380,0.879680,0
20140302 185243277,0.879370,0.879670,0
20140302 185248760,0.879380,0.879680,0
20140302 185249107,0.879370,0.879670,0
20140302 185321090,0.879440,0.879740,0
20140302 185321433,0.879450,0.879750,0
20140302 185322107,0.879470,0.879770,0
20140302 185338950,0.879530,0.879830,0
20140302 185342403,0.879570,0.879870,0
20140302 185342747,0.879610,0.879910,0
20140302 185343777,0.879600,0.879900,0
20140302 185344120,0.879610,0.879910,0
20140302 185344463,0.879600,0.879900,0
20140302 185347200,0.879590,0.879890,0
20140302 185347557,0.879600,0.879900,0
20140302 185417463,0.879590,0.879890,0
20140302 185432230,0.879580,0.879880,0
20140302 185435323,0.879590,0.879890,0
20140302 185439107,0.879600,0.879900,0
20140302 185440137,0.879590,0.879890,0
20140302 185442887,0.879600,0.879900,0
20140302 185448043,0.879590,0.879890,0
20140302 185449417,0.879600,0.879900,0
20140302 185455620,0.879590,0.879890,0
20140302 185500777,0.879600,0.879900,0
20140302 185501107,0.879590,0.879890,0
20140302 185503527,0.879600,0.879900,0
20140302 185503870,0.879590,0.879890,0
20140302 185504200,0.879600,0.879900,0
20140302 185504557,0.879590,0.879890,0
20140302 185508340,0.879600,0.879900,0
20140302 185508683,0.879590,0.879890,0
20140302 185510057,0.879600,0.879900,0
20140302 185516247,0.879570,0.879870,0
20140302 185516590,0.879540,0.879840,0
20140302 185545807,0.879530,0.879830,0
20140302 185556120,0.879520,0.879820,0
20140302 185615043,0.879480,0.879780,0
20140302 185616043,0.879440,0.879740,0
20140302 185616403,0.879460,0.879760,0
20140302 185616747,0.879480,0.879780,0
20140302 185617090,0.879460,0.879760,0
20140302 185619840,0.879450,0.879750,0
20140302 185620183,0.879440,0.879740,0
20140302 185625323,0.879460,0.879760,0
20140302 185625683,0.879490,0.879790,0
20140302 185626027,0.879480,0.879780,0
20140302 185626713,0.879470,0.879770,0
20140302 185631527,0.879480,0.879780,0
20140302 185631870,0.879500,0.879800,0
20140302 185632213,0.879520,0.879820,0
20140302 185633247,0.879500,0.879800,0
20140302 185635997,0.879510,0.879810,0
20140302 185714153,0.879530,0.879830,0
20140302 185722403,0.879540,0.879840,0
20140302 185722747,0.879570,0.879870,0
20140302 185732713,0.879580,0.879880,0
20140302 185739917,0.879600,0.879900,0
20140302 185742683,0.879580,0.879880,0
20140302 185743027,0.879550,0.879850,0
20140302 185750573,0.879540,0.879840,0
20140302 185750933,0.879550,0.879850,0
20140302 185753667,0.879560,0.879860,0
20140302 185802620,0.879570,0.879870,0
20140302 185818760,0.879560,0.879860,0
20140302 185819120,0.879570,0.879870,0
20140302 185819463,0.879560,0.879860,0
20140302 185819793,0.879570,0.879870,0
20140302 185820153,0.879560,0.879860,0
20140302 185820480,0.879570,0.879870,0
20140302 185820840,0.879560,0.879860,0
20140302 185828730,0.879570,0.879870,0
20140302 185838027,0.879580,0.879880,0
20140302 185838370,0.879650,0.879950,0
20140302 185839730,0.879630,0.879930,0
20140302 185839840,0.879650,0.879950,0
20140302 185840433,0.879660,0.879960,0
20140302 185840760,0.879650,0.879950,0
20140302 185842153,0.879670,0.879970,0
20140302 185842480,0.879680,0.879980,0
20140302 185842840,0.879670,0.879970,0
20140302 185843183,0.879680,0.879980,0
20140302 185844557,0.879710,0.880010,0
20140302 185846620,0.879680,0.879980,0
20140302 185846963,0.879690,0.879990,0
20140302 185857620,0.879710,0.880010,0
20140302 185900370,0.879730,0.880030,0
20140302 185916527,0.879710,0.880010,0
20140302 185922370,0.879700,0.880000,0
20140302 185924777,0.879680,0.879980,0
20140302 185936463,0.879660,0.879960,0
20140302 185936807,0.879670,0.879970,0
20140302 185937137,0.879690,0.879990,0
20140302 185943667,0.879630,0.879930,0
20140302 185945387,0.879620,0.879920,0
20140302 185946090,0.879640,0.879940,0
20140302 185954683,0.879660,0.879960,0
20140302 185955027,0.879680,0.879980,0
20140302 185955357,0.879710,0.880010,0
20140302 190000167,0.879690,0.879990,0
20140302 190000543,0.879670,0.879970,0
20140302 190001230,0.879640,0.879940,0
20140302 190001573,0.879610,0.879910,0
20140302 190001903,0.879580,0.879880,0
20140302 190002607,0.879560,0.879860,0
20140302 190003277,0.879570,0.879870,0
20140302 190003637,0.879560,0.879860,0
20140302 190007747,0.879550,0.879850,0
20140302 190009807,0.879560,0.879860,0
20140302 190011870,0.879550,0.879850,0
20140302 190015637,0.879560,0.879860,0
20140302 190015997,0.879570,0.879870,0
20140302 190017700,0.879540,0.879840,0
20140302 190018057,0.879520,0.879820,0
20140302 190018403,0.879500,0.879800,0
20140302 190021840,0.879510,0.879810,0
20140302 190023200,0.879500,0.879800,0
20140302 190023557,0.879520,0.879820,0
20140302 190026997,0.879500,0.879800,0
20140302 190030107,0.879550,0.879850,0
20140302 190030417,0.879570,0.879870,0
20140302 190031807,0.879550,0.879850,0
20140302 190040403,0.879560,0.879860,0
20140302 190040747,0.879600,0.879900,0
20140302 190041090,0.879620,0.879920,0
20140302 190051057,0.879630,0.879930,0
20140302 190051387,0.879620,0.879920,0
20140302 190055527,0.879630,0.879930,0
20140302 190103433,0.879640,0.879940,0
20140302 190107917,0.879620,0.879920,0
20140302 190108590,0.879600,0.879900,0
20140302 190108933,0.879610,0.879910,0
20140302 190111683,0.879600,0.879900,0
20140302 190114433,0.879610,0.879910,0
20140302 190117183,0.879600,0.879900,0
20140302 190121293,0.879580,0.879880,0
20140302 190123370,0.879590,0.879890,0
20140302 190123713,0.879620,0.879920,0
20140302 190124073,0.879600,0.879900,0
20140302 190124403,0.879610,0.879910,0
20140302 190125760,0.879620,0.879920,0
20140302 190126463,0.879590,0.879890,0
20140302 190126793,0.879610,0.879910,0
20140302 190127137,0.879620,0.879920,0
20140302 190128510,0.879610,0.879910,0
20140302 190128870,0.879600,0.879900,0
20140302 190129213,0.879570,0.879870,0
20140302 190137107,0.879560,0.879860,0
20140302 190138823,0.879550,0.879850,0
20140302 190143293,0.879540,0.879840,0
20140302 190145357,0.879550,0.879850,0
20140302 190146387,0.879580,0.879880,0
20140302 190146730,0.879590,0.879890,0
20140302 190147417,0.879600,0.879900,0
20140302 190149137,0.879590,0.879890,0
20140302 190154293,0.879600,0.879900,0
20140302 190201870,0.879630,0.879930,0
20140302 190204260,0.879620,0.879920,0
20140302 190206667,0.879630,0.879930,0
20140302 190207010,0.879620,0.879920,0
20140302 190208730,0.879600,0.879900,0
20140302 190209760,0.879610,0.879910,0
20140302 190213903,0.879600,0.879900,0
20140302 190214247,0.879570,0.879870,0
20140302 190214590,0.879560,0.879860,0
20140302 190219747,0.879550,0.879850,0
20140302 190225590,0.879530,0.879830,0
20140302 190225950,0.879480,0.879780,0
20140302 190226277,0.879490,0.879790,0
20140302 190226620,0.879470,0.879770,0
20140302 190227637,0.879460,0.879760,0
20140302 190232807,0.879490,0.879790,0
20140302 190234543,0.879480,0.879780,0
20140302 190240010,0.879470,0.879770,0
20140302 190241387,0.879460,0.879760,0
20140302 190244480,0.879440,0.879740,0
20140302 190245183,0.879420,0.879720,0
20140302 190245510,0.879430,0.879730,0
20140302 190247933,0.879490,0.879790,0
20140302 190248260,0.879450,0.879750,0
20140302 190248620,0.879430,0.879730,0
20140302 190248980,0.879490,0.879790,0
20140302 190249637,0.879480,0.879780,0
20140302 190249997,0.879490,0.879790,0
20140302 190252073,0.879500,0.879800,0
20140302 190252403,0.879490,0.879790,0
20140302 190253777,0.879480,0.879780,0
20140302 190256870,0.879500,0.879800,0
20140302 190257213,0.879520,0.879820,0
20140302 190257573,0.879540,0.879840,0
20140302 190257917,0.879600,0.879900,0
20140302 190300323,0.879550,0.879850,0
20140302 190300653,0.879510,0.879810,0
20140302 190301323,0.879500,0.879800,0
20140302 190301700,0.879520,0.879820,0
20140302 190302027,0.879530,0.879830,0
20140302 190305137,0.879510,0.879810,0
20140302 190305463,0.879520,0.879820,0
20140302 190305807,0.879510,0.879810,0
20140302 190306510,0.879480,0.879780,0
20140302 190306857,0.879430,0.879730,0
20140302 190307183,0.879400,0.879700,0
20140302 190307543,0.879430,0.879730,0
20140302 190307870,0.879490,0.879790,0
20140302 190308213,0.879480,0.879780,0
20140302 190310277,0.879490,0.879790,0
20140302 190310607,0.879480,0.879780,0
20140302 190311653,0.879450,0.879750,0
20140302 190312683,0.879460,0.879760,0
20140302 190313043,0.879450,0.879750,0
20140302 190314057,0.879490,0.879790,0
20140302 190314730,0.879480,0.879780,0
20140302 190315090,0.879460,0.879760,0
20140302 190318200,0.879530,0.879830,0
20140302 190319200,0.879520,0.879820,0
20140302 190320573,0.879490,0.879790,0
20140302 190325403,0.879510,0.879810,0
20140302 190326777,0.879500,0.879800,0
20140302 190329183,0.879510,0.879810,0
20140302 190332620,0.879500,0.879800,0
20140302 190333307,0.879480,0.879780,0
20140302 190333997,0.879490,0.879790,0
20140302 190337090,0.879480,0.879780,0
20140302 190337777,0.879490,0.879790,0
20140302 190342950,0.879480,0.879780,0
20140302 190343277,0.879470,0.879770,0
20140302 190343963,0.879480,0.879780,0
20140302 190344293,0.879510,0.879810,0
20140302 190344653,0.879540,0.879840,0
20140302 190344997,0.879550,0.879850,0
20140302 190345340,0.879490,0.879790,0
20140302 190346713,0.879470,0.879770,0
20140302 190347057,0.879480,0.879780,0
20140302 190348090,0.879500,0.879800,0
20140302 190401857,0.879510,0.879810,0
20140302 190402183,0.879540,0.879840,0
20140302 190407323,0.879530,0.879830,0
20140302 190407683,0.879520,0.879820,0
20140302 190408010,0.879510,0.879810,0
20140302 190409747,0.879540,0.879840,0
20140302 190410090,0.879500,0.879800,0
20140302 190419027,0.879490,0.879790,0
20140302 190424887,0.879480,0.879780,0
20140302 190425213,0.879470,0.879770,0
20140302 190426247,0.879450,0.879750,0
20140302 190426590,0.879430,0.879730,0
20140302 190427277,0.879420,0.879720,0
20140302 190433823,0.879410,0.879710,0
20140302 190440323,0.879400,0.879700,0
20140302 190441713,0.879390,0.879690,0
20140302 190450293,0.879380,0.879680,0
20140302 190451667,0.879370,0.879670,0
20140302 190452700,0.879380,0.879680,0
20140302 190453747,0.879360,0.879660,0
20140302 190454450,0.879370,0.879670,0
20140302 190456153,0.879380,0.879680,0
20140302 190458200,0.879370,0.879670,0
20140302 190500950,0.879360,0.879660,0
20140302 190502340,0.879370,0.879670,0
20140302 190503713,0.879330,0.879630,0
20140302 190504043,0.879320,0.879620,0
20140302 190509903,0.879350,0.879650,0
20140302 190510247,0.879400,0.879700,0
20140302 190510590,0.879390,0.879690,0
20140302 190510917,0.879410,0.879710,0
20140302 190511620,0.879400,0.879700,0
20140302 190511950,0.879410,0.879710,0
20140302 190518840,0.879400,0.879700,0
20140302 190519183,0.879410,0.879710,0
20140302 190519857,0.879400,0.879700,0
20140302 190526057,0.879410,0.879710,0
20140302 190526747,0.879430,0.879730,0
20140302 190531903,0.879440,0.879740,0
20140302 190532247,0.879430,0.879730,0
20140302 190532590,0.879440,0.879740,0
20140302 190533620,0.879430,0.879730,0
20140302 190533980,0.879470,0.879770,0
20140302 190534307,0.879460,0.879760,0
20140302 190536370,0.879470,0.879770,0
20140302 190536700,0.879460,0.879760,0
20140302 190537747,0.879450,0.879750,0
20140302 190541183,0.879430,0.879730,0
20140302 190542887,0.879420,0.879720,0
20140302 190552527,0.879410,0.879710,0
20140302 190556997,0.879430,0.879730,0
20140302 190557323,0.879460,0.879760,0
20140302 190559057,0.879440,0.879740,0
20140302 190604887,0.879480,0.879780,0
20140302 190605230,0.879490,0.879790,0
20140302 190605607,0.879510,0.879810,0
20140302 190605933,0.879490,0.879790,0
20140302 190608323,0.879480,0.879780,0
20140302 190609027,0.879490,0.879790,0
20140302 190610057,0.879480,0.879780,0
20140302 190628277,0.879460,0.879760,0
20140302 190631027,0.879500,0.879800,0
20140302 190633760,0.879470,0.879770,0
20140302 190640323,0.879480,0.879780,0
20140302 190640653,0.879520,0.879820,0
20140302 190640997,0.879530,0.879830,0
20140302 190644433,0.879520,0.879820,0
20140302 190647183,0.879530,0.879830,0
20140302 190658527,0.879520,0.879820,0
20140302 190659557,0.879510,0.879810,0
20140302 190700590,0.879520,0.879820,0
20140302 190703340,0.879510,0.879810,0
20140302 190707823,0.879490,0.879790,0
20140302 190708497,0.879500,0.879800,0
20140302 190712637,0.879490,0.879790,0
20140302 190724980,0.879480,0.879780,0
20140302 190734963,0.879470,0.879770,0
20140302 190741497,0.879480,0.879780,0
20140302 190741840,0.879490,0.879790,0
20140302 190742527,0.879500,0.879800,0
20140302 190756620,0.879510,0.879810,0
20140302 190802107,0.879490,0.879790,0
20140302 190814480,0.879500,0.879800,0
20140302 190816903,0.879510,0.879810,0
20140302 190817590,0.879500,0.879800,0
20140302 190817950,0.879480,0.879780,0
20140302 190819307,0.879470,0.879770,0
20140302 190823777,0.879460,0.879760,0
20140302 190824480,0.879470,0.879770,0
20140302 190824807,0.879460,0.879760,0
20140302 190825153,0.879470,0.879770,0
20140302 190831683,0.879440,0.879740,0
20140302 190832043,0.879430,0.879730,0
20140302 190832387,0.879420,0.879720,0
20140302 190833057,0.879410,0.879710,0
20140302 190834090,0.879400,0.879700,0
20140302 190834433,0.879390,0.879690,0
20140302 190839917,0.879380,0.879680,0
20140302 190840963,0.879390,0.879690,0
20140302 190848527,0.879440,0.879740,0
20140302 190848870,0.879460,0.879760,0
20140302 190850590,0.879450,0.879750,0
20140302 190857450,0.879420,0.879720,0
20140302 190857807,0.879410,0.879710,0
20140302 190905043,0.879380,0.879680,0
20140302 190905387,0.879350,0.879650,0
20140302 190905713,0.879370,0.879670,0
20140302 190906073,0.879400,0.879700,0
20140302 190906760,0.879390,0.879690,0
20140302 190908120,0.879380,0.879680,0
20140302 190908463,0.879370,0.879670,0
20140302 190916370,0.879360,0.879660,0
20140302 190916713,0.879340,0.879640,0
20140302 190918417,0.879360,0.879660,0
20140302 190918760,0.879370,0.879670,0
20140302 190920480,0.879350,0.879650,0
20140302 190921527,0.879360,0.879660,0
20140302 190945933,0.879380,0.879680,0
20140302 191016543,0.879440,0.879740,0
20140302 191016870,0.879430,0.879730,0
20140302 191028213,0.879450,0.879750,0
20140302 191041260,0.879440,0.879740,0
20140302 191041620,0.879430,0.879730,0
20140302 191041963,0.879420,0.879720,0
20140302 191047120,0.879380,0.879680,0
20140302 191047450,0.879370,0.879670,0
20140302 191050557,0.879380,0.879680,0
20140302 191053997,0.879410,0.879710,0
20140302 191054357,0.879430,0.879730,0
20140302 191058463,0.879460,0.879760,0
20140302 191058807,0.879470,0.879770,0
20140302 191102607,0.879490,0.879790,0
20140302 191102933,0.879530,0.879830,0
20140302 191109137,0.879550,0.879850,0
20140302 191115307,0.879560,0.879860,0
20140302 191117027,0.879530,0.879830,0
20140302 191121857,0.879460,0.879760,0
20140302 191122183,0.879470,0.879770,0
20140302 191122527,0.879480,0.879780,0
20140302 191122870,0.879500,0.879800,0
20140302 191127683,0.879490,0.879790,0
20140302 191130777,0.879470,0.879770,0
20140302 191131807,0.879460,0.879760,0
20140302 191137997,0.879410,0.879710,0
20140302 191138667,0.879430,0.879730,0
20140302 191203793,0.879420,0.879720,0
20140302 191204137,0.879400,0.879700,0
20140302 191204450,0.879380,0.879680,0
20140302 191205823,0.879390,0.879690,0
20140302 191206183,0.879410,0.879710,0
20140302 191208933,0.879400,0.879700,0
20140302 191219590,0.879390,0.879690,0
20140302 191220963,0.879450,0.879750,0
20140302 191221323,0.879410,0.879710,0
20140302 191221653,0.879400,0.879700,0
20140302 191232653,0.879410,0.879710,0
20140302 191234357,0.879400,0.879700,0
20140302 191234713,0.879410,0.879710,0
20140302 191245700,0.879420,0.879720,0
20140302 191249137,0.879450,0.879750,0
20140302 191249480,0.879470,0.879770,0
20140302 191256357,0.879480,0.879780,0
20140302 191256700,0.879450,0.879750,0
20140302 191259107,0.879460,0.879760,0
20140302 191300823,0.879450,0.879750,0
20140302 191301183,0.879350,0.879650,0
20140302 191301510,0.879340,0.879640,0
20140302 191306340,0.879330,0.879630,0
20140302 191306683,0.879340,0.879640,0
20140302 191309090,0.879360,0.879660,0
20140302 191309433,0.879370,0.879670,0
20140302 191311497,0.879390,0.879690,0
20140302 191312183,0.879400,0.879700,0
20140302 191313213,0.879380,0.879680,0
20140302 191314823,0.879370,0.879670,0
20140302 191317357,0.879360,0.879660,0
20140302 191326620,0.879390,0.879690,0
20140302 191326950,0.879400,0.879700,0
20140302 191338307,0.879390,0.879690,0
20140302 191338637,0.879370,0.879670,0
20140302 191339340,0.879350,0.879650,0
20140302 191339683,0.879370,0.879670,0
20140302 191341043,0.879380,0.879680,0
20140302 191341403,0.879420,0.879720,0
20140302 191341747,0.879430,0.879730,0
20140302 191342073,0.879440,0.879740,0
20140302 191342433,0.879430,0.879730,0
20140302 191344840,0.879440,0.879740,0
20140302 191345183,0.879430,0.879730,0
20140302 191345887,0.879460,0.879760,0
20140302 191346200,0.879450,0.879750,0
20140302 191346543,0.879460,0.879760,0
20140302 191346903,0.879470,0.879770,0
20140302 191347230,0.879460,0.879760,0
20140302 191347590,0.879470,0.879770,0
20140302 191347917,0.879460,0.879760,0
20140302 191348260,0.879470,0.879770,0
20140302 191352073,0.879490,0.879790,0
20140302 191352417,0.879520,0.879820,0
20140302 191401010,0.879510,0.879810,0
20140302 191401340,0.879520,0.879820,0
20140302 191409260,0.879510,0.879810,0
20140302 191409607,0.879490,0.879790,0
20140302 191409950,0.879450,0.879750,0
20140302 191410293,0.879410,0.879710,0
20140302 191410620,0.879420,0.879720,0
20140302 191413027,0.879430,0.879730,0
20140302 191419200,0.879440,0.879740,0
20140302 191438137,0.879470,0.879770,0
20140302 191439137,0.879450,0.879750,0
20140302 191439497,0.879440,0.879740,0
20140302 191446357,0.879450,0.879750,0
20140302 191448433,0.879460,0.879760,0
20140302 191449137,0.879480,0.879780,0
20140302 191449463,0.879490,0.879790,0
20140302 191453573,0.879480,0.879780,0
20140302 191457043,0.879460,0.879760,0
20140302 191457357,0.879450,0.879750,0
20140302 191500450,0.879460,0.879760,0
20140302 191500793,0.879470,0.879770,0
20140302 191503573,0.879480,0.879780,0
20140302 191506293,0.879470,0.879770,0
20140302 191507323,0.879480,0.879780,0
20140302 191508713,0.879470,0.879770,0
20140302 191509057,0.879480,0.879780,0
20140302 191510777,0.879470,0.879770,0
20140302 191511463,0.879440,0.879740,0
20140302 191517307,0.879460,0.879760,0
20140302 191520073,0.879450,0.879750,0
20140302 191520403,0.879460,0.879760,0
20140302 191538277,0.879450,0.879750,0
20140302 191539997,0.879430,0.879730,0
20140302 191540683,0.879420,0.879720,0
20140302 191549260,0.879370,0.879670,0
20140302 191549950,0.879360,0.879660,0
20140302 191550307,0.879370,0.879670,0
20140302 191550653,0.879360,0.879660,0
20140302 191550997,0.879370,0.879670,0
20140302 191558543,0.879360,0.879660,0
20140302 191558903,0.879370,0.879670,0
20140302 191614700,0.879420,0.879720,0
20140302 191615403,0.879410,0.879710,0
20140302 191618497,0.879400,0.879700,0
20140302 191619183,0.879390,0.879690,0
20140302 191619887,0.879370,0.879670,0
20140302 191620213,0.879380,0.879680,0
20140302 191620557,0.879370,0.879670,0
20140302 191620903,0.879380,0.879680,0
20140302 191624340,0.879370,0.879670,0
20140302 191624683,0.879380,0.879680,0
20140302 191625357,0.879390,0.879690,0
20140302 191625713,0.879380,0.879680,0
20140302 191627450,0.879420,0.879720,0
20140302 191627760,0.879410,0.879710,0
20140302 191628120,0.879400,0.879700,0
20140302 191628463,0.879390,0.879690,0
20140302 191647357,0.879380,0.879680,0
20140302 191652510,0.879390,0.879690,0
20140302 191656980,0.879380,0.879680,0
20140302 191709370,0.879390,0.879690,0
20140302 191713823,0.879400,0.879700,0
20140302 191714857,0.879390,0.879690,0
20140302 191715543,0.879400,0.879700,0
20140302 191716230,0.879410,0.879710,0
20140302 191718293,0.879430,0.879730,0
20140302 191718637,0.879440,0.879740,0
20140302 191719683,0.879450,0.879750,0
20140302 191723107,0.879440,0.879740,0
20140302 191726200,0.879430,0.879730,0
20140302 191726543,0.879410,0.879710,0
20140302 191726887,0.879400,0.879700,0
20140302 191727230,0.879410,0.879710,0
20140302 191727917,0.879400,0.879700,0
20140302 191728260,0.879410,0.879710,0
20140302 191728607,0.879400,0.879700,0
20140302 191730340,0.879410,0.879710,0
20140302 191730683,0.879400,0.879700,0
20140302 191735480,0.879410,0.879710,0
20140302 191736167,0.879440,0.879740,0
20140302 191736510,0.879430,0.879730,0
20140302 191757137,0.879420,0.879720,0
20140302 191807107,0.879400,0.879700,0
20140302 191810213,0.879380,0.879680,0
20140302 191810573,0.879370,0.879670,0
20140302 191812277,0.879360,0.879660,0
20140302 191812637,0.879370,0.879670,0
20140302 191827057,0.879390,0.879690,0
20140302 191831870,0.879380,0.879680,0
20140302 191852137,0.879370,0.879670,0
20140302 191905230,0.879350,0.879650,0
20140302 191906260,0.879340,0.879640,0
20140302 191906607,0.879320,0.879620,0
20140302 191910387,0.879350,0.879650,0
20140302 191911043,0.879360,0.879660,0
20140302 191911403,0.879350,0.879650,0
20140302 191911730,0.879360,0.879660,0
20140302 191912090,0.879350,0.879650,0
20140302 191912760,0.879360,0.879660,0
20140302 191928607,0.879350,0.879650,0
20140302 191928933,0.879340,0.879640,0
20140302 191931340,0.879350,0.879650,0
20140302 191932010,0.879360,0.879660,0
20140302 191940260,0.879350,0.879650,0
20140302 191942323,0.879360,0.879660,0
20140302 191943357,0.879350,0.879650,0
20140302 191943700,0.879370,0.879670,0
20140302 191944043,0.879380,0.879680,0
20140302 191950573,0.879370,0.879670,0
20140302 191957463,0.879360,0.879660,0
20140302 191957793,0.879350,0.879650,0
20140302 191959870,0.879330,0.879630,0
20140302 192000200,0.879320,0.879620,0
20140302 192004667,0.879330,0.879630,0
20140302 192005010,0.879320,0.879620,0
20140302 192005700,0.879330,0.879630,0
20140302 192007760,0.879310,0.879610,0
20140302 192008107,0.879330,0.879630,0
20140302 192008450,0.879340,0.879640,0
20140302 192010510,0.879360,0.879660,0
20140302 192011200,0.879350,0.879650,0
20140302 192011887,0.879360,0.879660,0
20140302 192012230,0.879350,0.879650,0
20140302 192027357,0.879360,0.879660,0
20140302 192027700,0.879370,0.879670,0
20140302 192033543,0.879380,0.879680,0
20140302 192039387,0.879390,0.879690,0
20140302 192043857,0.879400,0.879700,0
20140302 192044200,0.879390,0.879690,0
20140302 192046607,0.879380,0.879680,0
20140302 192047307,0.879390,0.879690,0
20140302 192049357,0.879380,0.879680,0
20140302 192051760,0.879370,0.879670,0
20140302 192052107,0.879380,0.879680,0
20140302 192052450,0.879370,0.879670,0
20140302 192055543,0.879360,0.879660,0
20140302 192101387,0.879370,0.879670,0
20140302 192104480,0.879360,0.879660,0
20140302 192104823,0.879340,0.879640,0
20140302 192105167,0.879330,0.879630,0
20140302 192105870,0.879310,0.879610,0
20140302 192112403,0.879280,0.879580,0
20140302 192113417,0.879270,0.879570,0
20140302 192116183,0.879280,0.879580,0
20140302 192121667,0.879270,0.879570,0
20140302 192124760,0.879260,0.879560,0
20140302 192125107,0.879270,0.879570,0
20140302 192133010,0.879280,0.879580,0
20140302 192137480,0.879300,0.879600,0
20140302 192140590,0.879330,0.879630,0
20140302 192140933,0.879340,0.879640,0
20140302 192147120,0.879350,0.879650,0
20140302 192157760,0.879370,0.879670,0
20140302 192158120,0.879380,0.879680,0
20140302 192201903,0.879400,0.879700,0
20140302 192203277,0.879420,0.879720,0
20140302 192209120,0.879400,0.879700,0
20140302 192209480,0.879380,0.879680,0
20140302 192210480,0.879390,0.879690,0
20140302 192212200,0.879400,0.879700,0
20140302 192212543,0.879390,0.879690,0
20140302 192226653,0.879400,0.879700,0
20140302 192226980,0.879390,0.879690,0
20140302 192230417,0.879400,0.879700,0
20140302 192230760,0.879410,0.879710,0
20140302 192239357,0.879420,0.879720,0
20140302 192240043,0.879430,0.879730,0
20140302 192245213,0.879440,0.879740,0
20140302 192250713,0.879420,0.879720,0
20140302 192253480,0.879410,0.879710,0
20140302 192255870,0.879400,0.879700,0
20140302 192256213,0.879410,0.879710,0
20140302 192256557,0.879400,0.879700,0
20140302 192257590,0.879410,0.879710,0
20140302 192259653,0.879420,0.879720,0
20140302 192303090,0.879400,0.879700,0
20140302 192322683,0.879410,0.879710,0
20140302 192325777,0.879450,0.879750,0
20140302 192327167,0.879440,0.879740,0
20140302 192327497,0.879430,0.879730,0
20140302 192332997,0.879420,0.879720,0
20140302 192333340,0.879430,0.879730,0
20140302 192336433,0.879420,0.879720,0
20140302 192339870,0.879410,0.879710,0
20140302 192340573,0.879420,0.879720,0
20140302 192340903,0.879410,0.879710,0
20140302 192341573,0.879420,0.879720,0
20140302 192351903,0.879430,0.879730,0
20140302 192405307,0.879410,0.879710,0
20140302 192405997,0.879420,0.879720,0
20140302 192406323,0.879440,0.879740,0
20140302 192406683,0.879480,0.879780,0
20140302 192407027,0.879440,0.879740,0
