20140303 000003733,0.879690,0.879990,0
20140303 000006827,0.879700,0.880000,0
20140303 000022653,0.879680,0.879980,0
20140303 000026077,0.879650,0.879950,0
20140303 000026780,0.879640,0.879940,0
20140303 000028137,0.879620,0.879920,0
20140303 000029857,0.879610,0.879910,0
20140303 000030543,0.879600,0.879900,0
20140303 000031590,0.879590,0.879890,0
20140303 000031920,0.879580,0.879880,0
20140303 000058043,0.879590,0.879890,0
20140303 000100107,0.879600,0.879900,0
20140303 000100483,0.879620,0.879920,0
20140303 000100793,0.879650,0.879950,0
20140303 000102170,0.879670,0.879970,0
20140303 000103200,0.879680,0.879980,0
20140303 000106310,0.879670,0.879970,0
20140303 000117637,0.879660,0.879960,0
20140303 000117983,0.879650,0.879950,0
20140303 000118327,0.879660,0.879960,0
20140303 000119013,0.879650,0.879950,0
20140303 000119357,0.879660,0.879960,0
20140303 000127280,0.879650,0.879950,0
20140303 000135530,0.879660,0.879960,0
20140303 000135857,0.879650,0.879950,0
20140303 000141013,0.879660,0.879960,0
20140303 000147903,0.879640,0.879940,0
20140303 000148233,0.879650,0.879950,0
20140303 000209200,0.879660,0.879960,0
20140303 000217793,0.879610,0.879910,0
20140303 000218137,0.879590,0.879890,0
20140303 000233263,0.879600,0.879900,0
20140303 000233607,0.879610,0.879910,0
20140303 000300437,0.879630,0.879930,0
20140303 000300763,0.879650,0.879950,0
20140303 000304903,0.879660,0.879960,0
20140303 000321060,0.879650,0.879950,0
20140303 000342030,0.879660,0.879960,0
20140303 000417090,0.879670,0.879970,0
20140303 000418107,0.879680,0.879980,0
20140303 000422590,0.879690,0.879990,0
20140303 000423623,0.879680,0.879980,0
20140303 000431187,0.879690,0.879990,0
20140303 000435997,0.879700,0.880000,0
20140303 000512437,0.879690,0.879990,0
20140303 000606747,0.879680,0.879980,0
20140303 000607437,0.879690,0.879990,0
20140303 000607780,0.879680,0.879980,0
20140303 000608123,0.879690,0.879990,0
20140303 000608467,0.879680,0.879980,0
20140303 000609827,0.879690,0.879990,0
20140303 000630107,0.879700,0.880000,0
20140303 000651090,0.879690,0.879990,0
20140303 000738170,0.879680,0.879980,0
20140303 000738513,0.879670,0.879970,0
20140303 000751577,0.879680,0.879980,0
20140303 000754670,0.879670,0.879970,0
20140303 000812543,0.879680,0.879980,0
20140303 000812887,0.879670,0.879970,0
20140303 000814950,0.879680,0.879980,0
20140303 000834887,0.879670,0.879970,0
20140303 000835233,0.879680,0.879980,0
20140303 000847950,0.879670,0.879970,0
20140303 000848293,0.879680,0.879980,0
20140303 000852077,0.879670,0.879970,0
20140303 000852420,0.879680,0.879980,0
20140303 000856887,0.879660,0.879960,0
20140303 000906857,0.879670,0.879970,0
20140303 000907217,0.879630,0.879930,0
20140303 000907560,0.879620,0.879920,0
20140303 000913043,0.879610,0.879910,0
20140303 000920967,0.879590,0.879890,0
20140303 000921293,0.879560,0.879860,0
20140303 000925420,0.879550,0.879850,0
20140303 000926107,0.879560,0.879860,0
20140303 000934700,0.879570,0.879870,0
20140303 000934840,0.879560,0.879860,0
20140303 000939170,0.879570,0.879870,0
20140303 000941937,0.879560,0.879860,0
20140303 000949137,0.879570,0.879870,0
20140303 001003577,0.879580,0.879880,0
20140303 001005983,0.879590,0.879890,0
20140303 001007357,0.879580,0.879880,0
20140303 001008387,0.879560,0.879860,0
20140303 001008733,0.879570,0.879870,0
20140303 001009420,0.879560,0.879860,0
20140303 001010810,0.879570,0.879870,0
20140303 001019060,0.879560,0.879860,0
20140303 001025937,0.879570,0.879870,0
20140303 001026280,0.879550,0.879850,0
20140303 001027997,0.879560,0.879860,0
20140303 001035903,0.879580,0.879880,0
20140303 001036590,0.879600,0.879900,0
20140303 001038293,0.879590,0.879890,0
20140303 001038653,0.879600,0.879900,0
20140303 001038997,0.879590,0.879890,0
20140303 001041403,0.879600,0.879900,0
20140303 001041733,0.879590,0.879890,0
20140303 001107170,0.879570,0.879870,0
20140303 001118530,0.879580,0.879880,0
20140303 001119217,0.879570,0.879870,0
20140303 001202187,0.879560,0.879860,0
20140303 001204920,0.879550,0.879850,0
20140303 001205280,0.879540,0.879840,0
20140303 001216280,0.879530,0.879830,0
20140303 001216607,0.879540,0.879840,0
20140303 001221090,0.879550,0.879850,0
20140303 001221437,0.879570,0.879870,0
20140303 001224530,0.879560,0.879860,0
20140303 001226247,0.879570,0.879870,0
20140303 001226590,0.879560,0.879860,0
20140303 001227967,0.879570,0.879870,0
20140303 001230373,0.879560,0.879860,0
20140303 001234840,0.879570,0.879870,0
20140303 001243420,0.879560,0.879860,0
20140303 001304387,0.879550,0.879850,0
20140303 001304780,0.879570,0.879870,0
20140303 001305077,0.879560,0.879860,0
20140303 001305420,0.879570,0.879870,0
20140303 001306810,0.879560,0.879860,0
20140303 001307483,0.879580,0.879880,0
20140303 001307840,0.879590,0.879890,0
20140303 001308170,0.879580,0.879880,0
20140303 001345293,0.879570,0.879870,0
20140303 001408340,0.879560,0.879860,0
20140303 001414873,0.879550,0.879850,0
20140303 001416920,0.879560,0.879860,0
20140303 001434793,0.879550,0.879850,0
20140303 001435153,0.879560,0.879860,0
20140303 001457137,0.879550,0.879850,0
20140303 001457483,0.879560,0.879860,0
20140303 001713950,0.879570,0.879870,0
20140303 001720513,0.879540,0.879840,0
20140303 001720840,0.879510,0.879810,0
20140303 001721187,0.879500,0.879800,0
20140303 001731840,0.879510,0.879810,0
20140303 001743873,0.879520,0.879820,0
20140303 001756577,0.879530,0.879830,0
20140303 001802077,0.879590,0.879890,0
20140303 001802763,0.879630,0.879930,0
20140303 001803123,0.879650,0.879950,0
20140303 001805513,0.879660,0.879960,0
20140303 001812060,0.879650,0.879950,0
20140303 001835780,0.879630,0.879930,0
20140303 001906373,0.879610,0.879910,0
20140303 001913247,0.879620,0.879920,0
20140303 001913590,0.879610,0.879910,0
20140303 001921153,0.879600,0.879900,0
20140303 001925950,0.879610,0.879910,0
20140303 001926310,0.879600,0.879900,0
20140303 001934217,0.879620,0.879920,0
20140303 001946950,0.879600,0.879900,0
20140303 001950373,0.879610,0.879910,0
20140303 002000687,0.879600,0.879900,0
20140303 002021293,0.879610,0.879910,0
20140303 002024387,0.879600,0.879900,0
20140303 002057733,0.879590,0.879890,0
20140303 002058763,0.879610,0.879910,0
20140303 002059107,0.879600,0.879900,0
20140303 002114577,0.879610,0.879910,0
20140303 002115607,0.879600,0.879900,0
20140303 002131090,0.879610,0.879910,0
20140303 002131763,0.879600,0.879900,0
20140303 002142763,0.879610,0.879910,0
20140303 002145187,0.879600,0.879900,0
20140303 002149653,0.879610,0.879910,0
20140303 002150340,0.879600,0.879900,0
20140303 002151357,0.879610,0.879910,0
20140303 002206497,0.879600,0.879900,0
20140303 002206840,0.879610,0.879910,0
20140303 002207187,0.879590,0.879890,0
20140303 002227107,0.879600,0.879900,0
20140303 002247060,0.879590,0.879890,0
20140303 002249810,0.879580,0.879880,0
20140303 002251530,0.879530,0.879830,0
20140303 002320747,0.879520,0.879820,0
20140303 002333123,0.879510,0.879810,0
20140303 002341030,0.879500,0.879800,0
20140303 002350670,0.879480,0.879780,0
20140303 002358560,0.879500,0.879800,0
20140303 002438437,0.879490,0.879790,0
20140303 002444280,0.879500,0.879800,0
20140303 002450123,0.879490,0.879790,0
20140303 002456997,0.879500,0.879800,0
20140303 002530670,0.879510,0.879810,0
20140303 002546483,0.879490,0.879790,0
20140303 002546827,0.879480,0.879780,0
20140303 002547857,0.879490,0.879790,0
20140303 002548887,0.879480,0.879780,0
20140303 002549233,0.879490,0.879790,0
20140303 002550950,0.879480,0.879780,0
20140303 002553700,0.879500,0.879800,0
20140303 002555077,0.879510,0.879810,0
20140303 002653873,0.879480,0.879780,0
20140303 002654200,0.879490,0.879790,0
20140303 002709327,0.879480,0.879780,0
20140303 002735450,0.879490,0.879790,0
20140303 002739763,0.879500,0.879800,0
20140303 002739920,0.879510,0.879810,0
20140303 002740280,0.879500,0.879800,0
20140303 002749903,0.879510,0.879810,0
20140303 002750247,0.879500,0.879800,0
20140303 002750590,0.879510,0.879810,0
20140303 002751623,0.879500,0.879800,0
20140303 002752997,0.879490,0.879790,0
20140303 002756763,0.879480,0.879780,0
20140303 002800200,0.879490,0.879790,0
20140303 002842137,0.879480,0.879780,0
20140303 002911013,0.879470,0.879770,0
20140303 002917560,0.879480,0.879780,0
20140303 002922357,0.879500,0.879800,0
20140303 002922717,0.879560,0.879860,0
20140303 002923060,0.879520,0.879820,0
20140303 002931653,0.879500,0.879800,0
20140303 002931983,0.879490,0.879790,0
20140303 002938200,0.879470,0.879770,0
20140303 002938513,0.879440,0.879740,0
20140303 002941263,0.879450,0.879750,0
20140303 002941967,0.879460,0.879760,0
20140303 002943670,0.879470,0.879770,0
20140303 002946077,0.879460,0.879760,0
20140303 002947123,0.879470,0.879770,0
20140303 002950887,0.879490,0.879790,0
20140303 002951247,0.879480,0.879780,0
20140303 003001200,0.879490,0.879790,0
20140303 003029733,0.879480,0.879780,0
20140303 003038340,0.879490,0.879790,0
20140303 003053137,0.879440,0.879740,0
20140303 003053810,0.879430,0.879730,0
20140303 003054840,0.879420,0.879720,0
20140303 003055170,0.879430,0.879730,0
20140303 003056887,0.879440,0.879740,0
20140303 003057233,0.879450,0.879750,0
20140303 003058607,0.879460,0.879760,0
20140303 003101373,0.879450,0.879750,0
20140303 003105840,0.879440,0.879740,0
20140303 003106513,0.879450,0.879750,0
20140303 003107903,0.879460,0.879760,0
20140303 003117530,0.879450,0.879750,0
20140303 003119920,0.879440,0.879740,0
20140303 003120263,0.879430,0.879730,0
20140303 003120623,0.879420,0.879720,0
20140303 003128873,0.879430,0.879730,0
20140303 003134013,0.879420,0.879720,0
20140303 003137810,0.879410,0.879710,0
20140303 003149497,0.879420,0.879720,0
20140303 003157733,0.879440,0.879740,0
20140303 003158077,0.879490,0.879790,0
20140303 003158420,0.879500,0.879800,0
20140303 003201873,0.879500,0.879800,0
20140303 003203247,0.879510,0.879810,0
20140303 003203577,0.879500,0.879800,0
20140303 003203920,0.879510,0.879810,0
20140303 003204623,0.879500,0.879800,0
20140303 003206687,0.879510,0.879810,0
20140303 003208387,0.879500,0.879800,0
20140303 003223187,0.879510,0.879810,0
20140303 003225590,0.879500,0.879800,0
20140303 003231090,0.879530,0.879830,0
20140303 003233483,0.879520,0.879820,0
20140303 003244497,0.879530,0.879830,0
20140303 003258233,0.879540,0.879840,0
20140303 003304077,0.879530,0.879830,0
20140303 003316107,0.879520,0.879820,0
20140303 003328137,0.879530,0.879830,0
20140303 003340170,0.879520,0.879820,0
20140303 003340530,0.879500,0.879800,0
20140303 003340873,0.879490,0.879790,0
20140303 003343950,0.879480,0.879780,0
20140303 003344293,0.879490,0.879790,0
20140303 003353920,0.879500,0.879800,0
20140303 003354263,0.879490,0.879790,0
20140303 003401137,0.879500,0.879800,0
20140303 003401483,0.879510,0.879810,0
20140303 003403887,0.879460,0.879760,0
20140303 003404590,0.879440,0.879740,0
20140303 003408357,0.879430,0.879730,0
20140303 003416280,0.879410,0.879710,0
20140303 003423137,0.879420,0.879720,0
20140303 003425903,0.879430,0.879730,0
20140303 003428653,0.879420,0.879720,0
20140303 003432437,0.879380,0.879680,0
20140303 003432763,0.879360,0.879660,0
20140303 003433793,0.879350,0.879650,0
20140303 003439293,0.879340,0.879640,0
20140303 003442733,0.879330,0.879630,0
20140303 003456153,0.879340,0.879640,0
20140303 003501310,0.879330,0.879630,0
20140303 003526733,0.879350,0.879650,0
20140303 003529840,0.879340,0.879640,0
20140303 003536700,0.879310,0.879610,0
20140303 003537043,0.879320,0.879620,0
20140303 003537387,0.879300,0.879600,0
20140303 003539793,0.879290,0.879590,0
20140303 003543233,0.879280,0.879580,0
20140303 003554233,0.879270,0.879570,0
20140303 003600420,0.879280,0.879580,0
20140303 003610763,0.879260,0.879560,0
20140303 003611077,0.879230,0.879530,0
20140303 003611437,0.879210,0.879510,0
20140303 003611780,0.879220,0.879520,0
20140303 003619670,0.879250,0.879550,0
20140303 003624497,0.879220,0.879520,0
20140303 003624763,0.879250,0.879550,0
20140303 003625187,0.879240,0.879540,0
20140303 003625513,0.879230,0.879530,0
20140303 003625873,0.879190,0.879490,0
20140303 003626200,0.879200,0.879500,0
20140303 003626560,0.879190,0.879490,0
20140303 003627233,0.879200,0.879500,0
20140303 003633090,0.879210,0.879510,0
20140303 003657137,0.879190,0.879490,0
20140303 003659577,0.879180,0.879480,0
20140303 003745623,0.879190,0.879490,0
20140303 003749060,0.879180,0.879480,0
20140303 003751467,0.879170,0.879470,0
20140303 003752497,0.879180,0.879480,0
20140303 003753857,0.879170,0.879470,0
20140303 003805887,0.879190,0.879490,0
20140303 003806920,0.879180,0.879480,0
20140303 003807263,0.879190,0.879490,0
20140303 003807967,0.879210,0.879510,0
20140303 003808670,0.879180,0.879480,0
20140303 003808983,0.879190,0.879490,0
20140303 003812420,0.879180,0.879480,0
20140303 003813450,0.879190,0.879490,0
20140303 003814483,0.879180,0.879480,0
20140303 003815857,0.879190,0.879490,0
20140303 003816543,0.879180,0.879480,0
20140303 003819997,0.879190,0.879490,0
20140303 003820687,0.879210,0.879510,0
20140303 003830653,0.879220,0.879520,0
20140303 003830997,0.879250,0.879550,0
20140303 003832030,0.879260,0.879560,0
20140303 003836497,0.879270,0.879570,0
20140303 003836840,0.879280,0.879580,0
20140303 003851607,0.879260,0.879560,0
20140303 003859873,0.879360,0.879660,0
20140303 003900200,0.879370,0.879670,0
20140303 003901247,0.879360,0.879660,0
20140303 003906043,0.879350,0.879650,0
20140303 003917043,0.879370,0.879670,0
20140303 003917403,0.879360,0.879660,0
20140303 003925983,0.879350,0.879650,0
20140303 003928403,0.879330,0.879630,0
20140303 003928733,0.879350,0.879650,0
20140303 003942137,0.879340,0.879640,0
20140303 003956920,0.879350,0.879650,0
20140303 004018233,0.879340,0.879640,0
20140303 004033013,0.879350,0.879650,0
20140303 004058793,0.879360,0.879660,0
20140303 004119780,0.879400,0.879700,0
20140303 004120123,0.879410,0.879710,0
20140303 004121483,0.879420,0.879720,0
20140303 004124247,0.879410,0.879710,0
20140303 004126983,0.879390,0.879690,0
20140303 004127340,0.879380,0.879680,0
20140303 004128013,0.879370,0.879670,0
20140303 004139030,0.879380,0.879680,0
20140303 004154840,0.879390,0.879690,0
20140303 004155170,0.879380,0.879680,0
20140303 004156887,0.879390,0.879690,0
20140303 004212373,0.879370,0.879670,0
20140303 004219233,0.879380,0.879680,0
20140303 004235043,0.879420,0.879720,0
20140303 004241233,0.879430,0.879730,0
20140303 004241577,0.879440,0.879740,0
20140303 004242607,0.879450,0.879750,0
20140303 004251887,0.879440,0.879740,0
20140303 004308043,0.879430,0.879730,0
20140303 004308387,0.879410,0.879710,0
20140303 004315967,0.879400,0.879700,0
20140303 004325920,0.879420,0.879720,0
20140303 004328340,0.879400,0.879700,0
20140303 004334873,0.879410,0.879710,0
20140303 004348263,0.879400,0.879700,0
20140303 004427123,0.879390,0.879690,0
20140303 004427467,0.879350,0.879650,0
20140303 004428153,0.879340,0.879640,0
20140303 004436763,0.879350,0.879650,0
20140303 004443967,0.879340,0.879640,0
20140303 004455983,0.879360,0.879660,0
20140303 004456327,0.879350,0.879650,0
20140303 004457357,0.879340,0.879640,0
20140303 004500107,0.879340,0.879640,0
20140303 004504233,0.879360,0.879660,0
20140303 004504577,0.879350,0.879650,0
20140303 004512840,0.879340,0.879640,0
20140303 004513530,0.879350,0.879650,0
20140303 004518327,0.879340,0.879640,0
20140303 004518687,0.879350,0.879650,0
20140303 004619170,0.879350,0.879650,0
20140303 004638763,0.879340,0.879640,0
20140303 004639107,0.879350,0.879650,0
20140303 004719327,0.879340,0.879640,0
20140303 004720013,0.879350,0.879650,0
20140303 004722077,0.879360,0.879660,0
20140303 004723107,0.879360,0.879660,0
20140303 004734793,0.879390,0.879690,0
20140303 004755090,0.879380,0.879680,0
20140303 004800590,0.879390,0.879690,0
20140303 004800950,0.879440,0.879740,0
20140303 004808497,0.879450,0.879750,0
20140303 004844920,0.879460,0.879760,0
20140303 004845263,0.879510,0.879810,0
20140303 004845950,0.879500,0.879800,0
20140303 004900387,0.879510,0.879810,0
20140303 004900733,0.879500,0.879800,0
20140303 004901077,0.879490,0.879790,0
20140303 004901420,0.879470,0.879770,0
20140303 004914137,0.879460,0.879760,0
20140303 004916543,0.879470,0.879770,0
20140303 004916887,0.879490,0.879790,0
20140303 004920670,0.879440,0.879740,0
20140303 004921013,0.879430,0.879730,0
20140303 004922043,0.879440,0.879740,0
20140303 004925483,0.879450,0.879750,0
20140303 004926170,0.879440,0.879740,0
20140303 004931670,0.879450,0.879750,0
20140303 004932013,0.879440,0.879740,0
20140303 004933733,0.879450,0.879750,0
20140303 004943357,0.879460,0.879760,0
20140303 004943700,0.879450,0.879750,0
20140303 005013263,0.879470,0.879770,0
20140303 005013623,0.879500,0.879800,0
20140303 005019123,0.879490,0.879790,0
20140303 005105170,0.879480,0.879780,0
20140303 005105530,0.879460,0.879760,0
20140303 005105873,0.879440,0.879740,0
20140303 005106233,0.879420,0.879720,0
20140303 005116530,0.879410,0.879710,0
20140303 005119623,0.879420,0.879720,0
20140303 005119967,0.879440,0.879740,0
20140303 005221137,0.879430,0.879730,0
20140303 005221497,0.879420,0.879720,0
20140303 005249340,0.879440,0.879740,0
20140303 005256560,0.879430,0.879730,0
20140303 005257920,0.879440,0.879740,0
20140303 005259653,0.879450,0.879750,0
20140303 005302043,0.879440,0.879740,0
20140303 005303437,0.879450,0.879750,0
20140303 005303780,0.879420,0.879720,0
20140303 005309967,0.879410,0.879710,0
20140303 005312030,0.879390,0.879690,0
20140303 005312357,0.879400,0.879700,0
20140303 005317187,0.879420,0.879720,0
20140303 005357077,0.879460,0.879760,0
20140303 005404623,0.879450,0.879750,0
20140303 005404950,0.879430,0.879730,0
20140303 005415967,0.879420,0.879720,0
20140303 005442090,0.879430,0.879730,0
20140303 005442437,0.879440,0.879740,0
20140303 005444497,0.879470,0.879770,0
20140303 005444840,0.879480,0.879780,0
20140303 005451387,0.879490,0.879790,0
20140303 005451717,0.879500,0.879800,0
20140303 005456187,0.879490,0.879790,0
20140303 005502357,0.879500,0.879800,0
20140303 005502700,0.879490,0.879790,0
20140303 005511637,0.879480,0.879780,0
20140303 005517840,0.879470,0.879770,0
20140303 005621420,0.879480,0.879780,0
20140303 005623840,0.879500,0.879800,0
20140303 005624187,0.879510,0.879810,0
20140303 005634483,0.879520,0.879820,0
20140303 005705090,0.879510,0.879810,0
20140303 005713687,0.879490,0.879790,0
20140303 005714013,0.879470,0.879770,0
20140303 005730200,0.879440,0.879740,0
20140303 005730543,0.879430,0.879730,0
20140303 005732577,0.879400,0.879700,0
20140303 005732920,0.879390,0.879690,0
20140303 005742903,0.879410,0.879710,0
20140303 005743590,0.879400,0.879700,0
20140303 005752170,0.879410,0.879710,0
20140303 005756997,0.879450,0.879750,0
20140303 005805590,0.879440,0.879740,0
20140303 005817623,0.879430,0.879730,0
20140303 005818310,0.879440,0.879740,0
20140303 005821403,0.879430,0.879730,0
20140303 005828607,0.879420,0.879720,0
20140303 005830340,0.879430,0.879730,0
20140303 005930483,0.879400,0.879700,0
20140303 005935293,0.879400,0.879700,0
20140303 005936687,0.879420,0.879720,0
20140303 005937013,0.879430,0.879730,0
20140303 010049887,0.879410,0.879710,0
20140303 010050233,0.879400,0.879700,0
20140303 010100887,0.879390,0.879690,0
20140303 010101247,0.879370,0.879670,0
20140303 010101577,0.879380,0.879680,0
20140303 010103997,0.879370,0.879670,0
20140303 010131483,0.879390,0.879690,0
20140303 010132170,0.879390,0.879690,0
20140303 010132513,0.879400,0.879700,0
20140303 010132857,0.879390,0.879690,0
20140303 010133200,0.879410,0.879710,0
20140303 010133543,0.879420,0.879720,0
20140303 010135280,0.879440,0.879740,0
20140303 010135607,0.879450,0.879750,0
20140303 010146967,0.879440,0.879740,0
20140303 010147653,0.879430,0.879730,0
20140303 010158653,0.879490,0.879790,0
20140303 010209997,0.879500,0.879800,0
20140303 010236123,0.879480,0.879780,0
20140303 010236450,0.879490,0.879790,0
20140303 010240607,0.879500,0.879800,0
20140303 010245747,0.879490,0.879790,0
20140303 010246090,0.879480,0.879780,0
20140303 010257077,0.879490,0.879790,0
20140303 010300887,0.879480,0.879780,0
20140303 010310840,0.879460,0.879760,0
20140303 010311187,0.879480,0.879780,0
20140303 010321840,0.879470,0.879770,0
20140303 010322187,0.879460,0.879760,0
20140303 010335233,0.879440,0.879740,0
20140303 010335590,0.879420,0.879720,0
20140303 010349013,0.879410,0.879710,0
20140303 010349340,0.879360,0.879660,0
20140303 010349670,0.879330,0.879630,0
20140303 010359670,0.879320,0.879620,0
20140303 010359997,0.879300,0.879600,0
20140303 010400357,0.879290,0.879590,0
20140303 010401717,0.879280,0.879580,0
20140303 010402060,0.879270,0.879570,0
20140303 010402763,0.879250,0.879550,0
20140303 010403107,0.879240,0.879540,0
20140303 010403450,0.879190,0.879490,0
20140303 010404810,0.879180,0.879480,0
20140303 010406873,0.879230,0.879530,0
20140303 010407217,0.879240,0.879540,0
20140303 010410997,0.879230,0.879530,0
20140303 010411340,0.879240,0.879540,0
20140303 010414437,0.879230,0.879530,0
20140303 010420263,0.879250,0.879550,0
20140303 010420607,0.879260,0.879560,0
20140303 010425107,0.879310,0.879610,0
20140303 010437450,0.879300,0.879600,0
20140303 010439170,0.879310,0.879610,0
20140303 010439857,0.879300,0.879600,0
20140303 010441233,0.879280,0.879580,0
20140303 010450530,0.879230,0.879530,0
20140303 010450873,0.879210,0.879510,0
20140303 010457747,0.879220,0.879520,0
20140303 010458763,0.879260,0.879560,0
20140303 010512857,0.879250,0.879550,0
20140303 010516983,0.879240,0.879540,0
20140303 010517670,0.879220,0.879520,0
20140303 010518013,0.879210,0.879510,0
20140303 010521450,0.879200,0.879500,0
20140303 010523857,0.879210,0.879510,0
20140303 010614733,0.879220,0.879520,0
20140303 010624357,0.879230,0.879530,0
20140303 010627793,0.879240,0.879540,0
20140303 010700793,0.879250,0.879550,0
20140303 010705950,0.879240,0.879540,0
20140303 010708030,0.879250,0.879550,0
20140303 010728653,0.879220,0.879520,0
20140303 010728997,0.879190,0.879490,0
20140303 010731060,0.879200,0.879500,0
20140303 010731387,0.879190,0.879490,0
20140303 010732090,0.879180,0.879480,0
20140303 010736217,0.879200,0.879500,0
20140303 010736903,0.879190,0.879490,0
20140303 010757170,0.879200,0.879500,0
20140303 010757530,0.879210,0.879510,0
20140303 010805780,0.879200,0.879500,0
20140303 010808873,0.879210,0.879510,0
20140303 010809920,0.879220,0.879520,0
20140303 010810263,0.879270,0.879570,0
20140303 010810577,0.879290,0.879590,0
20140303 010811280,0.879280,0.879580,0
20140303 010813687,0.879340,0.879640,0
20140303 010814030,0.879320,0.879620,0
20140303 010814700,0.879340,0.879640,0
20140303 010816437,0.879350,0.879650,0
20140303 010821590,0.879320,0.879620,0
20140303 010821920,0.879330,0.879630,0
20140303 010822280,0.879320,0.879620,0
20140303 010834997,0.879330,0.879630,0
20140303 010835327,0.879320,0.879620,0
20140303 010837077,0.879300,0.879600,0
20140303 010837420,0.879310,0.879610,0
20140303 010837747,0.879280,0.879580,0
20140303 010838090,0.879290,0.879590,0
20140303 010846687,0.879280,0.879580,0
20140303 010855293,0.879240,0.879540,0
20140303 010855637,0.879270,0.879570,0
20140303 010856983,0.879260,0.879560,0
20140303 010914857,0.879250,0.879550,0
20140303 010919687,0.879230,0.879530,0
20140303 010920357,0.879220,0.879520,0
20140303 010921747,0.879240,0.879540,0
20140303 010922420,0.879230,0.879530,0
20140303 010923107,0.879240,0.879540,0
20140303 010927577,0.879230,0.879530,0
20140303 010929293,0.879250,0.879550,0
20140303 010929983,0.879240,0.879540,0
20140303 010932387,0.879260,0.879560,0
20140303 010946840,0.879270,0.879570,0
20140303 011013653,0.879280,0.879580,0
20140303 011035997,0.879300,0.879600,0
20140303 011112077,0.879320,0.879620,0
20140303 011126873,0.879330,0.879630,0
20140303 011127217,0.879340,0.879640,0
20140303 011127560,0.879350,0.879650,0
20140303 011128937,0.879360,0.879660,0
20140303 011129280,0.879350,0.879650,0
20140303 011140967,0.879340,0.879640,0
20140303 011141310,0.879350,0.879650,0
20140303 011148857,0.879340,0.879640,0
20140303 011149217,0.879330,0.879630,0
20140303 011154030,0.879340,0.879640,0
20140303 011208450,0.879330,0.879630,0
20140303 011209497,0.879320,0.879620,0
20140303 011212920,0.879310,0.879610,0
20140303 011213263,0.879300,0.879600,0
20140303 011219123,0.879280,0.879580,0
20140303 011219450,0.879270,0.879570,0
20140303 011224280,0.879260,0.879560,0
20140303 011224607,0.879220,0.879520,0
20140303 011227357,0.879230,0.879530,0
20140303 011227700,0.879250,0.879550,0
20140303 011233887,0.879260,0.879560,0
20140303 011237327,0.879270,0.879570,0
20140303 011241107,0.879280,0.879580,0
20140303 011257607,0.879300,0.879600,0
20140303 011304483,0.879290,0.879590,0
20140303 011318577,0.879270,0.879570,0
20140303 011411513,0.879280,0.879580,0
20140303 011429060,0.879290,0.879590,0
20140303 011430763,0.879280,0.879580,0
20140303 011434560,0.879290,0.879590,0
20140303 011444543,0.879330,0.879630,0
20140303 011445903,0.879350,0.879650,0
20140303 011502747,0.879360,0.879660,0
20140303 011503090,0.879350,0.879650,0
20140303 011509950,0.879360,0.879660,0
20140303 011510293,0.879350,0.879650,0
20140303 011510997,0.879360,0.879660,0
20140303 011514077,0.879350,0.879650,0
20140303 011517187,0.879360,0.879660,0
20140303 011520280,0.879350,0.879650,0
20140303 011520637,0.879340,0.879640,0
20140303 011528887,0.879280,0.879580,0
20140303 011529200,0.879270,0.879570,0
20140303 011530577,0.879290,0.879590,0
20140303 011538497,0.879280,0.879580,0
20140303 011543983,0.879290,0.879590,0
20140303 011554997,0.879280,0.879580,0
20140303 011555340,0.879290,0.879590,0
20140303 011608060,0.879310,0.879610,0
20140303 011608403,0.879330,0.879630,0
20140303 011609077,0.879340,0.879640,0
20140303 011609780,0.879350,0.879650,0
20140303 011610123,0.879360,0.879660,0
20140303 011612187,0.879370,0.879670,0
20140303 011647263,0.879350,0.879650,0
20140303 011649997,0.879360,0.879660,0
20140303 011657560,0.879350,0.879650,0
20140303 011658263,0.879300,0.879600,0
20140303 011659950,0.879290,0.879590,0
20140303 011708903,0.879270,0.879570,0
20140303 011709263,0.879190,0.879490,0
20140303 011709950,0.879180,0.879480,0
20140303 011710950,0.879200,0.879500,0
20140303 011711327,0.879210,0.879510,0
20140303 011712700,0.879230,0.879530,0
20140303 011713030,0.879280,0.879580,0
20140303 011713373,0.879330,0.879630,0
20140303 011714077,0.879310,0.879610,0
20140303 011714387,0.879280,0.879580,0
20140303 011717153,0.879290,0.879590,0
20140303 011717497,0.879300,0.879600,0
20140303 011717840,0.879310,0.879610,0
20140303 011718530,0.879300,0.879600,0
20140303 011720247,0.879290,0.879590,0
20140303 011722310,0.879300,0.879600,0
20140303 011724357,0.879290,0.879590,0
20140303 011732967,0.879300,0.879600,0
20140303 011738467,0.879290,0.879590,0
20140303 011738810,0.879310,0.879610,0
20140303 011744310,0.879320,0.879620,0
20140303 011751513,0.879310,0.879610,0
20140303 011751873,0.879320,0.879620,0
20140303 011753247,0.879350,0.879650,0
20140303 011753577,0.879370,0.879670,0
20140303 011754280,0.879350,0.879650,0
20140303 011754623,0.879370,0.879670,0
20140303 011757373,0.879360,0.879660,0
20140303 011757717,0.879370,0.879670,0
20140303 011803560,0.879360,0.879660,0
20140303 011806310,0.879350,0.879650,0
20140303 011806653,0.879280,0.879580,0
20140303 011807357,0.879240,0.879540,0
20140303 011807687,0.879210,0.879510,0
20140303 011808717,0.879220,0.879520,0
20140303 011813873,0.879230,0.879530,0
20140303 011814217,0.879220,0.879520,0
20140303 011815247,0.879230,0.879530,0
20140303 011815590,0.879220,0.879520,0
20140303 011830373,0.879230,0.879530,0
20140303 011831060,0.879200,0.879500,0
20140303 011834857,0.879160,0.879460,0
20140303 011835187,0.879150,0.879450,0
20140303 011835530,0.879160,0.879460,0
20140303 011843077,0.879170,0.879470,0
20140303 011910920,0.879180,0.879480,0
20140303 011913327,0.879170,0.879470,0
20140303 011917123,0.879160,0.879460,0
20140303 011919873,0.879170,0.879470,0
20140303 011925030,0.879180,0.879480,0
20140303 011925717,0.879200,0.879500,0
20140303 011927090,0.879210,0.879510,0
20140303 011927437,0.879200,0.879500,0
20140303 011930513,0.879210,0.879510,0
20140303 011934293,0.879200,0.879500,0
20140303 011942887,0.879190,0.879490,0
20140303 011943233,0.879180,0.879480,0
20140303 011947700,0.879190,0.879490,0
20140303 011953887,0.879180,0.879480,0
20140303 011954233,0.879170,0.879470,0
20140303 012012467,0.879180,0.879480,0
20140303 012013137,0.879210,0.879510,0
20140303 012013497,0.879220,0.879520,0
20140303 012021060,0.879180,0.879480,0
20140303 012021747,0.879190,0.879490,0
20140303 012022077,0.879180,0.879480,0
20140303 012025187,0.879160,0.879460,0
20140303 012135310,0.879130,0.879430,0
20140303 012223763,0.879190,0.879490,0
20140303 012255387,0.879200,0.879500,0
20140303 012255747,0.879240,0.879540,0
20140303 012256077,0.879270,0.879570,0
20140303 012301577,0.879260,0.879560,0
20140303 012303983,0.879270,0.879570,0
20140303 012309827,0.879260,0.879560,0
20140303 012310513,0.879270,0.879570,0
20140303 012320137,0.879240,0.879540,0
20140303 012326340,0.879250,0.879550,0
20140303 012423403,0.879230,0.879530,0
20140303 012425467,0.879260,0.879560,0
20140303 012427530,0.879270,0.879570,0
20140303 012430967,0.879280,0.879580,0
20140303 012431653,0.879270,0.879570,0
20140303 012440590,0.879280,0.879580,0
20140303 012440937,0.879270,0.879570,0
20140303 012452950,0.879280,0.879580,0
20140303 012500170,0.879270,0.879570,0
20140303 012501887,0.879260,0.879560,0
20140303 012508420,0.879270,0.879570,0
20140303 012525950,0.879280,0.879580,0
20140303 012526293,0.879300,0.879600,0
20140303 012530763,0.879310,0.879610,0
20140303 012531107,0.879320,0.879620,0
20140303 012533513,0.879290,0.879590,0
20140303 012549687,0.879300,0.879600,0
20140303 012550013,0.879320,0.879620,0
20140303 012554153,0.879310,0.879610,0
20140303 012554497,0.879290,0.879590,0
20140303 012554827,0.879280,0.879580,0
20140303 012556217,0.879270,0.879570,0
20140303 012601717,0.879280,0.879580,0
20140303 012602387,0.879270,0.879570,0
20140303 012603077,0.879270,0.879570,0
20140303 012603780,0.879280,0.879580,0
20140303 012605137,0.879270,0.879570,0
20140303 012605840,0.879250,0.879550,0
20140303 012611327,0.879260,0.879560,0
20140303 012614763,0.879250,0.879550,0
20140303 012615107,0.879260,0.879560,0
20140303 012615450,0.879250,0.879550,0
20140303 012622340,0.879240,0.879540,0
20140303 012622687,0.879210,0.879510,0
20140303 012623030,0.879170,0.879470,0
20140303 012623357,0.879160,0.879460,0
20140303 012623700,0.879150,0.879450,0
20140303 012624387,0.879160,0.879460,0
20140303 012625420,0.879170,0.879470,0
20140303 012625780,0.879160,0.879460,0
20140303 012626123,0.879170,0.879470,0
20140303 012626810,0.879180,0.879480,0
20140303 012627497,0.879200,0.879500,0
20140303 012627827,0.879220,0.879520,0
20140303 012628187,0.879190,0.879490,0
20140303 012637810,0.879160,0.879460,0
20140303 012638137,0.879190,0.879490,0
20140303 012640200,0.879170,0.879470,0
20140303 012640560,0.879190,0.879490,0
20140303 012643983,0.879150,0.879450,0
20140303 012644340,0.879170,0.879470,0
20140303 012644687,0.879180,0.879480,0
20140303 012647763,0.879170,0.879470,0
20140303 012654653,0.879180,0.879480,0
20140303 012656030,0.879170,0.879470,0
20140303 012659107,0.879180,0.879480,0
20140303 012659467,0.879170,0.879470,0
20140303 012708403,0.879180,0.879480,0
20140303 012709090,0.879170,0.879470,0
20140303 012709763,0.879180,0.879480,0
20140303 012710123,0.879190,0.879490,0
20140303 012710467,0.879200,0.879500,0
20140303 012710793,0.879210,0.879510,0
20140303 012711497,0.879230,0.879530,0
20140303 012711827,0.879220,0.879520,0
20140303 012722840,0.879210,0.879510,0
20140303 012723530,0.879220,0.879520,0
20140303 012726607,0.879240,0.879540,0
20140303 012726967,0.879290,0.879590,0
20140303 012735887,0.879280,0.879580,0
20140303 012736233,0.879310,0.879610,0
20140303 012751717,0.879320,0.879620,0
20140303 012752043,0.879310,0.879610,0
20140303 012756873,0.879320,0.879620,0
20140303 012801327,0.879330,0.879630,0
20140303 012803060,0.879320,0.879620,0
20140303 012808200,0.879300,0.879600,0
20140303 012810280,0.879310,0.879610,0
20140303 012810623,0.879320,0.879620,0
20140303 012814060,0.879330,0.879630,0
20140303 012814733,0.879310,0.879610,0
20140303 012815090,0.879320,0.879620,0
20140303 012817153,0.879340,0.879640,0
20140303 012817840,0.879330,0.879630,0
20140303 012818857,0.879340,0.879640,0
20140303 012819200,0.879330,0.879630,0
20140303 012820590,0.879340,0.879640,0
20140303 012820920,0.879330,0.879630,0
20140303 012822637,0.879320,0.879620,0
20140303 012848077,0.879300,0.879600,0
20140303 012852560,0.879280,0.879580,0
20140303 012852887,0.879300,0.879600,0
20140303 012855327,0.879280,0.879580,0
20140303 012855670,0.879250,0.879550,0
20140303 012856013,0.879230,0.879530,0
20140303 012856327,0.879220,0.879520,0
20140303 012856670,0.879190,0.879490,0
20140303 012857030,0.879140,0.879440,0
20140303 012905950,0.879080,0.879380,0
20140303 012906310,0.879100,0.879400,0
20140303 012907670,0.879090,0.879390,0
20140303 012915233,0.879100,0.879400,0
20140303 012951340,0.879090,0.879390,0
20140303 013005763,0.879080,0.879380,0
20140303 013007153,0.879090,0.879390,0
20140303 013023997,0.879080,0.879380,0
20140303 013033293,0.879100,0.879400,0
20140303 013039450,0.879110,0.879410,0
20140303 013104887,0.879120,0.879420,0
20140303 013105233,0.879130,0.879430,0
20140303 013120700,0.879120,0.879420,0
20140303 013133420,0.879130,0.879430,0
20140303 013142357,0.879140,0.879440,0
20140303 013143387,0.879150,0.879450,0
20140303 013144763,0.879160,0.879460,0
20140303 013145107,0.879200,0.879500,0
20140303 013145450,0.879210,0.879510,0
20140303 013145793,0.879250,0.879550,0
20140303 013206090,0.879320,0.879620,0
20140303 013206420,0.879330,0.879630,0
20140303 013206763,0.879340,0.879640,0
20140303 013230497,0.879300,0.879600,0
20140303 013237373,0.879320,0.879620,0
20140303 013307293,0.879330,0.879630,0
20140303 013312420,0.879350,0.879650,0
20140303 013316543,0.879340,0.879640,0
20140303 013329263,0.879350,0.879650,0
20140303 013329623,0.879400,0.879700,0
20140303 013329967,0.879410,0.879710,0
20140303 013330637,0.879420,0.879720,0
20140303 013333403,0.879450,0.879750,0
20140303 013333733,0.879490,0.879790,0
20140303 013335793,0.879480,0.879780,0
20140303 013340263,0.879490,0.879790,0
20140303 013344043,0.879480,0.879780,0
20140303 013353327,0.879500,0.879800,0
20140303 013414293,0.879490,0.879790,0
20140303 013414983,0.879510,0.879810,0
20140303 013415687,0.879520,0.879820,0
20140303 013416013,0.879560,0.879860,0
20140303 013416357,0.879540,0.879840,0
20140303 013416700,0.879550,0.879850,0
20140303 013418420,0.879570,0.879870,0
20140303 013418763,0.879550,0.879850,0
20140303 013419450,0.879540,0.879840,0
20140303 013419810,0.879550,0.879850,0
20140303 013422200,0.879540,0.879840,0
20140303 013422543,0.879560,0.879860,0
20140303 013422903,0.879550,0.879850,0
20140303 013438357,0.879570,0.879870,0
20140303 013449357,0.879610,0.879910,0
20140303 013450060,0.879600,0.879900,0
20140303 013450403,0.879610,0.879910,0
20140303 013451090,0.879600,0.879900,0
20140303 013451780,0.879590,0.879890,0
20140303 013458997,0.879580,0.879880,0
20140303 013459327,0.879570,0.879870,0
20140303 013500373,0.879590,0.879890,0
20140303 013501043,0.879580,0.879880,0
20140303 013501747,0.879560,0.879860,0
20140303 013504137,0.879550,0.879850,0
20140303 013509310,0.879560,0.879860,0
20140303 013512403,0.879550,0.879850,0
20140303 013512747,0.879530,0.879830,0
20140303 013513090,0.879510,0.879810,0
20140303 013515497,0.879520,0.879820,0
20140303 013515827,0.879510,0.879810,0
20140303 013516873,0.879520,0.879820,0
20140303 013517217,0.879510,0.879810,0
20140303 013517903,0.879520,0.879820,0
20140303 013518577,0.879510,0.879810,0
20140303 013519623,0.879520,0.879820,0
20140303 013523733,0.879530,0.879830,0
20140303 013528887,0.879520,0.879820,0
20140303 013531983,0.879510,0.879810,0
20140303 013532327,0.879470,0.879770,0
20140303 013532670,0.879490,0.879790,0
20140303 013541950,0.879480,0.879780,0
20140303 013550887,0.879490,0.879790,0
20140303 013558107,0.879480,0.879780,0
20140303 013559137,0.879480,0.879780,0
20140303 013600170,0.879490,0.879790,0
20140303 013605327,0.879490,0.879790,0
20140303 013606357,0.879480,0.879780,0
20140303 013606700,0.879490,0.879790,0
20140303 013608420,0.879480,0.879780,0
20140303 013609450,0.879490,0.879790,0
20140303 013611857,0.879480,0.879780,0
20140303 013612887,0.879490,0.879790,0
20140303 013613233,0.879480,0.879780,0
20140303 013615310,0.879470,0.879770,0
20140303 013630077,0.879460,0.879760,0
20140303 013635577,0.879470,0.879770,0
20140303 013641077,0.879480,0.879780,0
20140303 013652420,0.879490,0.879790,0
20140303 013655857,0.879480,0.879780,0
20140303 013656200,0.879490,0.879790,0
20140303 013657577,0.879480,0.879780,0
20140303 013657920,0.879490,0.879790,0
20140303 013704450,0.879480,0.879780,0
20140303 013706857,0.879490,0.879790,0
20140303 013707887,0.879480,0.879780,0
20140303 013708920,0.879490,0.879790,0
20140303 013709263,0.879480,0.879780,0
20140303 013715467,0.879490,0.879790,0
20140303 013716497,0.879480,0.879780,0
20140303 013719577,0.879490,0.879790,0
20140303 013721997,0.879480,0.879780,0
20140303 013722340,0.879490,0.879790,0
20140303 013724747,0.879480,0.879780,0
20140303 013726123,0.879490,0.879790,0
20140303 013726467,0.879480,0.879780,0
20140303 013726810,0.879490,0.879790,0
20140303 013727840,0.879480,0.879780,0
20140303 013733687,0.879490,0.879790,0
20140303 013740903,0.879480,0.879780,0
20140303 013745373,0.879470,0.879770,0
20140303 013745733,0.879480,0.879780,0
20140303 013746387,0.879490,0.879790,0
20140303 013747780,0.879480,0.879780,0
20140303 013750187,0.879490,0.879790,0
20140303 013750543,0.879440,0.879740,0
20140303 013750873,0.879430,0.879730,0
20140303 013751903,0.879420,0.879720,0
20140303 013755340,0.879440,0.879740,0
20140303 013756373,0.879420,0.879720,0
20140303 013804967,0.879440,0.879740,0
20140303 013815607,0.879460,0.879760,0
20140303 013815967,0.879450,0.879750,0
20140303 013816293,0.879480,0.879780,0
20140303 013819420,0.879520,0.879820,0
20140303 013819747,0.879540,0.879840,0
20140303 013820077,0.879550,0.879850,0
20140303 013840030,0.879560,0.879860,0
20140303 013843450,0.879580,0.879880,0
20140303 013845530,0.879570,0.879870,0
20140303 013845857,0.879580,0.879880,0
20140303 013847920,0.879570,0.879870,0
20140303 013922617,0.879560,0.879860,0
20140303 013922960,0.879570,0.879870,0
20140303 013940827,0.879560,0.879860,0
20140303 013941167,0.879570,0.879870,0
20140303 013947027,0.879560,0.879860,0
20140303 013947357,0.879570,0.879870,0
20140303 013947700,0.879560,0.879860,0
20140303 013948730,0.879570,0.879870,0
20140303 013959043,0.879560,0.879860,0
20140303 013959387,0.879570,0.879870,0
20140303 014002137,0.879570,0.879870,0
20140303 014010387,0.879560,0.879860,0
20140303 014011090,0.879570,0.879870,0
20140303 014027247,0.879560,0.879860,0
20140303 014033090,0.879570,0.879870,0
20140303 014039967,0.879560,0.879860,0
20140303 014052700,0.879570,0.879870,0
20140303 014053043,0.879610,0.879910,0
20140303 014053403,0.879660,0.879960,0
20140303 014053730,0.879690,0.879990,0
20140303 014054060,0.879680,0.879980,0
20140303 014055793,0.879690,0.879990,0
20140303 014056480,0.879670,0.879970,0
20140303 014056810,0.879630,0.879930,0
20140303 014057153,0.879640,0.879940,0
20140303 014057497,0.879630,0.879930,0
20140303 014059560,0.879640,0.879940,0
20140303 014123980,0.879670,0.879970,0
20140303 014124310,0.879680,0.879980,0
20140303 014144933,0.879660,0.879960,0
20140303 014145277,0.879640,0.879940,0
20140303 014148027,0.879630,0.879930,0
20140303 014154917,0.879650,0.879950,0
20140303 014155247,0.879630,0.879930,0
20140303 014156967,0.879640,0.879940,0
20140303 014157310,0.879650,0.879950,0
20140303 014201433,0.879640,0.879940,0
20140303 014201793,0.879630,0.879930,0
20140303 014203153,0.879640,0.879940,0
20140303 014206590,0.879630,0.879930,0
20140303 014207967,0.879650,0.879950,0
20140303 014208327,0.879640,0.879940,0
20140303 014214497,0.879630,0.879930,0
20140303 014215183,0.879620,0.879920,0
20140303 014215543,0.879570,0.879870,0
20140303 014215873,0.879550,0.879850,0
20140303 014305717,0.879540,0.879840,0
20140303 014306077,0.879550,0.879850,0
20140303 014403827,0.879540,0.879840,0
20140303 014407933,0.879550,0.879850,0
20140303 014411027,0.879540,0.879840,0
20140303 014411373,0.879550,0.879850,0
20140303 014414810,0.879540,0.879840,0
20140303 014423060,0.879550,0.879850,0
20140303 014442310,0.879540,0.879840,0
20140303 014458123,0.879530,0.879830,0
20140303 014458467,0.879500,0.879800,0
20140303 014459497,0.879510,0.879810,0
20140303 014504653,0.879500,0.879800,0
20140303 014513247,0.879480,0.879780,0
20140303 014513590,0.879470,0.879770,0
20140303 014516340,0.879490,0.879790,0
20140303 014516683,0.879480,0.879780,0
20140303 014517373,0.879490,0.879790,0
20140303 014520467,0.879480,0.879780,0
20140303 014521153,0.879490,0.879790,0
20140303 014536623,0.879480,0.879780,0
20140303 014537310,0.879490,0.879790,0
20140303 014542123,0.879480,0.879780,0
20140303 014542810,0.879490,0.879790,0
20140303 014556560,0.879460,0.879760,0
20140303 014556903,0.879470,0.879770,0
20140303 014557247,0.879450,0.879750,0
20140303 014600683,0.879460,0.879760,0
20140303 014601027,0.879480,0.879780,0
20140303 014601373,0.879490,0.879790,0
20140303 014602060,0.879510,0.879810,0
20140303 014602747,0.879500,0.879800,0
20140303 014603433,0.879520,0.879820,0
20140303 014603793,0.879500,0.879800,0
20140303 014604810,0.879470,0.879770,0
20140303 014605153,0.879490,0.879790,0
20140303 014605497,0.879480,0.879780,0
20140303 014608590,0.879490,0.879790,0
20140303 014619247,0.879500,0.879800,0
20140303 014619590,0.879530,0.879830,0
20140303 014620293,0.879550,0.879850,0
20140303 014620980,0.879570,0.879870,0
20140303 014621310,0.879560,0.879860,0
20140303 014631967,0.879570,0.879870,0
20140303 014638840,0.879580,0.879880,0
20140303 014641590,0.879570,0.879870,0
20140303 014652933,0.879580,0.879880,0
20140303 014702560,0.879570,0.879870,0
20140303 014702903,0.879580,0.879880,0
20140303 014706340,0.879570,0.879870,0
20140303 014715637,0.879540,0.879840,0
20140303 014724577,0.879550,0.879850,0
20140303 014724903,0.879540,0.879840,0
20140303 014745873,0.879550,0.879850,0
20140303 014811310,0.879530,0.879830,0
20140303 014811653,0.879540,0.879840,0
20140303 014813373,0.879510,0.879810,0
20140303 014813717,0.879520,0.879820,0
20140303 014814403,0.879510,0.879810,0
20140303 014814763,0.879520,0.879820,0
20140303 014815777,0.879510,0.879810,0
20140303 014816467,0.879490,0.879790,0
20140303 014820247,0.879470,0.879770,0
20140303 014820590,0.879480,0.879780,0
20140303 014820933,0.879470,0.879770,0
20140303 014825747,0.879460,0.879760,0
20140303 014826433,0.879470,0.879770,0
20140303 014833653,0.879460,0.879760,0
20140303 014836060,0.879450,0.879750,0
20140303 014836403,0.879460,0.879760,0
20140303 014837433,0.879450,0.879750,0
20140303 014838467,0.879460,0.879760,0
20140303 014843967,0.879470,0.879770,0
20140303 014851183,0.879480,0.879780,0
20140303 014855997,0.879470,0.879770,0
20140303 014856340,0.879480,0.879780,0
20140303 014859433,0.879490,0.879790,0
20140303 014920060,0.879500,0.879800,0
20140303 014940027,0.879540,0.879840,0
20140303 014940357,0.879570,0.879870,0
20140303 014940700,0.879560,0.879860,0
20140303 014942077,0.879540,0.879840,0
20140303 014942403,0.879550,0.879850,0
20140303 014946527,0.879540,0.879840,0
20140303 014947230,0.879530,0.879830,0
20140303 014947577,0.879510,0.879810,0
20140303 014959263,0.879490,0.879790,0
20140303 015014373,0.879510,0.879810,0
20140303 015029153,0.879480,0.879780,0
20140303 015029513,0.879490,0.879790,0
20140303 015101123,0.879480,0.879780,0
20140303 015101480,0.879490,0.879790,0
20140303 015101827,0.879480,0.879780,0
20140303 015102857,0.879470,0.879770,0
20140303 015104917,0.879480,0.879780,0
20140303 015105263,0.879470,0.879770,0
20140303 015111793,0.879480,0.879780,0
20140303 015115217,0.879470,0.879770,0
20140303 015143417,0.879460,0.879760,0
20140303 015145827,0.879470,0.879770,0
20140303 015146513,0.879460,0.879760,0
20140303 015211263,0.879470,0.879770,0
20140303 015219840,0.879460,0.879760,0
20140303 015226730,0.879470,0.879770,0
20140303 015227763,0.879460,0.879760,0
20140303 015229480,0.879470,0.879770,0
20140303 015230167,0.879460,0.879760,0
20140303 015232917,0.879470,0.879770,0
20140303 015234980,0.879460,0.879760,0
20140303 015237387,0.879470,0.879770,0
20140303 015238417,0.879450,0.879750,0
20140303 015239107,0.879460,0.879760,0
20140303 015239793,0.879470,0.879770,0
20140303 015244263,0.879460,0.879760,0
20140303 015244950,0.879470,0.879770,0
20140303 015247013,0.879460,0.879760,0
20140303 015251137,0.879450,0.879750,0
20140303 015253200,0.879460,0.879760,0
20140303 015256293,0.879470,0.879770,0
20140303 015257997,0.879460,0.879760,0
20140303 015259387,0.879470,0.879770,0
20140303 015302827,0.879460,0.879760,0
20140303 015303167,0.879470,0.879770,0
20140303 015352653,0.879460,0.879760,0
20140303 015353340,0.879470,0.879770,0
20140303 015354027,0.879460,0.879760,0
20140303 015354373,0.879470,0.879770,0
20140303 015355403,0.879460,0.879760,0
20140303 015356793,0.879470,0.879770,0
20140303 015400230,0.879460,0.879760,0
20140303 015430123,0.879450,0.879750,0
20140303 015434247,0.879460,0.879760,0
20140303 015445590,0.879440,0.879740,0
20140303 015445933,0.879420,0.879720,0
20140303 015446277,0.879410,0.879710,0
20140303 015520997,0.879440,0.879740,0
20140303 015521357,0.879510,0.879810,0
20140303 015521683,0.879520,0.879820,0
20140303 015523060,0.879510,0.879810,0
20140303 015540607,0.879530,0.879830,0
20140303 015540950,0.879560,0.879860,0
20140303 015541623,0.879570,0.879870,0
20140303 015544747,0.879580,0.879880,0
20140303 015545403,0.879590,0.879890,0
20140303 015554357,0.879600,0.879900,0
20140303 015554700,0.879640,0.879940,0
20140303 015630090,0.879650,0.879950,0
20140303 015630433,0.879640,0.879940,0
20140303 015632840,0.879630,0.879930,0
20140303 015635247,0.879680,0.879980,0
20140303 015636277,0.879690,0.879990,0
20140303 015638340,0.879680,0.879980,0
20140303 015638683,0.879690,0.879990,0
20140303 015642467,0.879680,0.879980,0
20140303 015644887,0.879690,0.879990,0
20140303 015645230,0.879680,0.879980,0
20140303 015647293,0.879690,0.879990,0
20140303 015647980,0.879680,0.879980,0
20140303 015648667,0.879700,0.880000,0
20140303 015649013,0.879690,0.879990,0
20140303 015649340,0.879680,0.879980,0
20140303 015657950,0.879690,0.879990,0
20140303 015700013,0.879680,0.879980,0
20140303 015716513,0.879690,0.879990,0
20140303 015717200,0.879700,0.880000,0
20140303 015717543,0.879730,0.880030,0
20140303 015718917,0.879740,0.880040,0
20140303 015725433,0.879730,0.880030,0
20140303 015732997,0.879710,0.880010,0
20140303 015736090,0.879690,0.879990,0
20140303 015736433,0.879660,0.879960,0
20140303 015736777,0.879630,0.879930,0
20140303 015750873,0.879640,0.879940,0
20140303 015751560,0.879630,0.879930,0
20140303 015751903,0.879620,0.879920,0
20140303 015753623,0.879630,0.879930,0
20140303 015755340,0.879610,0.879910,0
20140303 015819077,0.879600,0.879900,0
20140303 015829043,0.879580,0.879880,0
20140303 015829387,0.879570,0.879870,0
20140303 015832480,0.879580,0.879880,0
20140303 015833857,0.879570,0.879870,0
20140303 015834887,0.879580,0.879880,0
20140303 015835230,0.879570,0.879870,0
20140303 015836933,0.879580,0.879880,0
20140303 015839013,0.879570,0.879870,0
20140303 015839357,0.879580,0.879880,0
20140303 015847247,0.879550,0.879850,0
20140303 015848637,0.879540,0.879840,0
20140303 015850357,0.879530,0.879830,0
20140303 015850700,0.879540,0.879840,0
20140303 015851387,0.879530,0.879830,0
20140303 015851730,0.879540,0.879840,0
20140303 015852417,0.879530,0.879830,0
20140303 015853090,0.879540,0.879840,0
20140303 015853450,0.879530,0.879830,0
20140303 015858933,0.879530,0.879830,0
20140303 015900310,0.879540,0.879840,0
20140303 015901683,0.879530,0.879830,0
20140303 015903060,0.879540,0.879840,0
20140303 015903403,0.879510,0.879810,0
20140303 015909590,0.879530,0.879830,0
20140303 015909933,0.879540,0.879840,0
20140303 015914403,0.879550,0.879850,0
20140303 015914730,0.879540,0.879840,0
20140303 015929527,0.879550,0.879850,0
20140303 015930247,0.879570,0.879870,0
20140303 015938137,0.879550,0.879850,0
20140303 015939167,0.879540,0.879840,0
20140303 015941590,0.879520,0.879820,0
20140303 015941917,0.879480,0.879780,0
20140303 015942247,0.879470,0.879770,0
20140303 015942607,0.879460,0.879760,0
20140303 015945357,0.879450,0.879750,0
20140303 015945683,0.879440,0.879740,0
20140303 015946043,0.879450,0.879750,0
20140303 015951560,0.879470,0.879770,0
20140303 015951873,0.879480,0.879780,0
20140303 015952230,0.879490,0.879790,0
20140303 015953247,0.879500,0.879800,0
20140303 015953933,0.879490,0.879790,0
20140303 015956013,0.879500,0.879800,0
20140303 015956357,0.879490,0.879790,0
20140303 015956700,0.879500,0.879800,0
20140303 015957373,0.879490,0.879790,0
20140303 015959793,0.879480,0.879780,0
20140303 020000497,0.879470,0.879770,0
20140303 020000827,0.879500,0.879800,0
20140303 020001183,0.879510,0.879810,0
20140303 020001513,0.879560,0.879860,0
20140303 020002217,0.879540,0.879840,0
20140303 020002560,0.879550,0.879850,0
20140303 020002887,0.879560,0.879860,0
20140303 020003217,0.879580,0.879880,0
20140303 020003577,0.879660,0.879960,0
20140303 020003917,0.879670,0.879970,0
20140303 020006340,0.879690,0.879990,0
20140303 020006667,0.879670,0.879970,0
20140303 020007013,0.879630,0.879930,0
20140303 020007357,0.879620,0.879920,0
20140303 020007700,0.879630,0.879930,0
20140303 020008730,0.879620,0.879920,0
20140303 020009077,0.879630,0.879930,0
20140303 020010123,0.879620,0.879920,0
20140303 020010793,0.879600,0.879900,0
20140303 020011137,0.879580,0.879880,0
20140303 020012167,0.879570,0.879870,0
20140303 020015950,0.879550,0.879850,0
20140303 020017667,0.879540,0.879840,0
20140303 020020417,0.879550,0.879850,0
20140303 020021107,0.879540,0.879840,0
20140303 020021793,0.879550,0.879850,0
20140303 020023513,0.879580,0.879880,0
20140303 020023857,0.879600,0.879900,0
20140303 020024183,0.879630,0.879930,0
20140303 020024730,0.879620,0.879920,0
20140303 020029013,0.879630,0.879930,0
20140303 020030373,0.879620,0.879920,0
20140303 020030747,0.879550,0.879850,0
20140303 020031090,0.879590,0.879890,0
20140303 020042417,0.879600,0.879900,0
20140303 020046217,0.879620,0.879920,0
20140303 020046543,0.879610,0.879910,0
20140303 020046887,0.879620,0.879920,0
20140303 020047577,0.879610,0.879910,0
20140303 020047903,0.879590,0.879890,0
20140303 020048590,0.879610,0.879910,0
20140303 020049637,0.879620,0.879920,0
20140303 020051013,0.879600,0.879900,0
20140303 020054793,0.879590,0.879890,0
20140303 020055137,0.879600,0.879900,0
20140303 020055810,0.879580,0.879880,0
20140303 020056857,0.879590,0.879890,0
20140303 020057200,0.879580,0.879880,0
20140303 020058247,0.879600,0.879900,0
20140303 020102700,0.879590,0.879890,0
20140303 020111623,0.879580,0.879880,0
20140303 020123997,0.879590,0.879890,0
20140303 020127090,0.879600,0.879900,0
20140303 020129513,0.879590,0.879890,0
20140303 020129840,0.879600,0.879900,0
20140303 020130200,0.879620,0.879920,0
20140303 020130543,0.879650,0.879950,0
20140303 020130887,0.879660,0.879960,0
20140303 020142230,0.879680,0.879980,0
20140303 020143933,0.879690,0.879990,0
20140303 020145327,0.879730,0.880030,0
20140303 020145653,0.879740,0.880040,0
20140303 020147387,0.879790,0.880090,0
20140303 020148060,0.879800,0.880100,0
20140303 020148747,0.879790,0.880090,0
20140303 020149450,0.879770,0.880070,0
20140303 020149810,0.879760,0.880060,0
20140303 020150123,0.879750,0.880050,0
20140303 020150467,0.879760,0.880060,0
20140303 020151497,0.879750,0.880050,0
20140303 020154607,0.879730,0.880030,0
20140303 020155623,0.879720,0.880020,0
20140303 020155967,0.879710,0.880010,0
20140303 020157027,0.879690,0.879990,0
20140303 020157357,0.879650,0.879950,0
20140303 020157700,0.879640,0.879940,0
20140303 020159747,0.879650,0.879950,0
20140303 020201137,0.879660,0.879960,0
20140303 020205263,0.879650,0.879950,0
20140303 020210403,0.879640,0.879940,0
20140303 020210747,0.879660,0.879960,0
20140303 020214560,0.879650,0.879950,0
20140303 020215230,0.879660,0.879960,0
20140303 020216607,0.879680,0.879980,0
20140303 020217637,0.879670,0.879970,0
20140303 020218683,0.879680,0.879980,0
20140303 020221077,0.879670,0.879970,0
20140303 020222793,0.879660,0.879960,0
20140303 020223123,0.879670,0.879970,0
20140303 020223840,0.879710,0.880010,0
20140303 020224167,0.879720,0.880020,0
20140303 020228293,0.879740,0.880040,0
20140303 020231027,0.879730,0.880030,0
20140303 020231730,0.879740,0.880040,0
20140303 020233107,0.879730,0.880030,0
20140303 020234480,0.879740,0.880040,0
20140303 020235153,0.879730,0.880030,0
20140303 020235527,0.879770,0.880070,0
20140303 020235873,0.879760,0.880060,0
20140303 020240327,0.879770,0.880070,0
20140303 020240653,0.879760,0.880060,0
20140303 020241013,0.879770,0.880070,0
20140303 020242027,0.879760,0.880060,0
20140303 020242387,0.879770,0.880070,0
20140303 020249247,0.879790,0.880090,0
20140303 020249607,0.879800,0.880100,0
20140303 020253043,0.879810,0.880110,0
20140303 020253387,0.879800,0.880100,0
20140303 020254077,0.879820,0.880120,0
20140303 020254417,0.879830,0.880130,0
20140303 020255793,0.879820,0.880120,0
20140303 020300950,0.879830,0.880130,0
20140303 020301293,0.879820,0.880120,0
20140303 020301637,0.879840,0.880140,0
20140303 020302310,0.879830,0.880130,0
20140303 020303357,0.879840,0.880140,0
20140303 020303683,0.879830,0.880130,0
20140303 020305090,0.879850,0.880150,0
20140303 020307153,0.879880,0.880180,0
20140303 020307467,0.879910,0.880210,0
20140303 020307827,0.879900,0.880200,0
20140303 020308153,0.879880,0.880180,0
20140303 020308497,0.879870,0.880170,0
20140303 020309543,0.879850,0.880150,0
20140303 020309887,0.879820,0.880120,0
20140303 020310230,0.879830,0.880130,0
20140303 020310917,0.879810,0.880110,0
20140303 020314357,0.879800,0.880100,0
20140303 020314700,0.879790,0.880090,0
20140303 020316090,0.879800,0.880100,0
20140303 020316433,0.879770,0.880070,0
20140303 020316777,0.879740,0.880040,0
20140303 020317450,0.879750,0.880050,0
20140303 020319527,0.879760,0.880060,0
20140303 020319840,0.879770,0.880070,0
20140303 020320543,0.879760,0.880060,0
20140303 020324667,0.879770,0.880070,0
20140303 020325013,0.879760,0.880060,0
20140303 020327403,0.879770,0.880070,0
20140303 020328793,0.879800,0.880100,0
20140303 020329123,0.879790,0.880090,0
20140303 020329827,0.879810,0.880110,0
20140303 020332903,0.879820,0.880120,0
20140303 020333263,0.879840,0.880140,0
20140303 020333607,0.879850,0.880150,0
20140303 020335327,0.879840,0.880140,0
20140303 020335653,0.879830,0.880130,0
20140303 020340137,0.879820,0.880120,0
20140303 020343917,0.879810,0.880110,0
20140303 020344263,0.879800,0.880100,0
20140303 020347013,0.879820,0.880120,0
20140303 020347700,0.879830,0.880130,0
20140303 020348717,0.879820,0.880120,0
20140303 020349077,0.879810,0.880110,0
20140303 020349417,0.879790,0.880090,0
20140303 020352167,0.879800,0.880100,0
20140303 020352497,0.879790,0.880090,0
20140303 020358357,0.879800,0.880100,0
20140303 020400077,0.879810,0.880110,0
20140303 020401450,0.879800,0.880100,0
20140303 020402137,0.879790,0.880090,0
20140303 020402467,0.879800,0.880100,0
20140303 020403167,0.879810,0.880110,0
20140303 020403513,0.879820,0.880120,0
20140303 020413480,0.879810,0.880110,0
20140303 020414167,0.879800,0.880100,0
20140303 020414513,0.879770,0.880070,0
20140303 020414857,0.879760,0.880060,0
20140303 020417590,0.879750,0.880050,0
20140303 020418623,0.879730,0.880030,0
20140303 020418967,0.879690,0.879990,0
20140303 020419310,0.879670,0.879970,0
20140303 020422403,0.879680,0.879980,0
20140303 020425153,0.879690,0.879990,0
20140303 020426183,0.879680,0.879980,0
20140303 020428247,0.879670,0.879970,0
20140303 020428933,0.879660,0.879960,0
20140303 020430997,0.879650,0.879950,0
20140303 020431340,0.879660,0.879960,0
20140303 020432373,0.879670,0.879970,0
20140303 020432717,0.879690,0.879990,0
20140303 020434090,0.879680,0.879980,0
20140303 020434433,0.879670,0.879970,0
20140303 020434777,0.879660,0.879960,0
20140303 020437183,0.879640,0.879940,0
20140303 020437527,0.879620,0.879920,0
20140303 020440980,0.879630,0.879930,0
20140303 020442340,0.879640,0.879940,0
20140303 020443387,0.879630,0.879930,0
20140303 020446480,0.879650,0.879950,0
20140303 020448873,0.879660,0.879960,0
20140303 020449230,0.879650,0.879950,0
20140303 020450263,0.879640,0.879940,0
20140303 020453373,0.879630,0.879930,0
20140303 020454027,0.879620,0.879920,0
20140303 020454387,0.879590,0.879890,0
20140303 020454730,0.879580,0.879880,0
20140303 020500577,0.879550,0.879850,0
20140303 020500933,0.879520,0.879820,0
20140303 020501607,0.879510,0.879810,0
20140303 020502637,0.879520,0.879820,0
20140303 020504747,0.879500,0.879800,0
20140303 020511917,0.879520,0.879820,0
20140303 020513967,0.879510,0.879810,0
20140303 020515357,0.879500,0.879800,0
20140303 020516730,0.879510,0.879810,0
20140303 020517077,0.879520,0.879820,0
20140303 020521527,0.879510,0.879810,0
20140303 020521873,0.879500,0.879800,0
20140303 020522247,0.879490,0.879790,0
20140303 020527060,0.879510,0.879810,0
20140303 020527403,0.879550,0.879850,0
20140303 020527747,0.879560,0.879860,0
20140303 020528060,0.879570,0.879870,0
20140303 020529793,0.879560,0.879860,0
20140303 020531527,0.879580,0.879880,0
20140303 020531873,0.879610,0.879910,0
20140303 020532873,0.879620,0.879920,0
20140303 020534607,0.879630,0.879930,0
20140303 020538730,0.879620,0.879920,0
20140303 020540793,0.879630,0.879930,0
20140303 020541480,0.879640,0.879940,0
20140303 020542167,0.879650,0.879950,0
20140303 020545590,0.879660,0.879960,0
20140303 020545933,0.879650,0.879950,0
20140303 020547327,0.879660,0.879960,0
20140303 020548340,0.879670,0.879970,0
20140303 020548683,0.879660,0.879960,0
20140303 020552480,0.879670,0.879970,0
20140303 020559373,0.879680,0.879980,0
20140303 020559717,0.879720,0.880020,0
20140303 020602793,0.879710,0.880010,0
20140303 020603137,0.879720,0.880020,0
20140303 020621717,0.879700,0.880000,0
20140303 020622043,0.879690,0.879990,0
20140303 020622730,0.879680,0.879980,0
20140303 020626153,0.879690,0.879990,0
20140303 020628903,0.879680,0.879980,0
20140303 020629277,0.879690,0.879990,0
20140303 020642327,0.879700,0.880000,0
20140303 020642653,0.879680,0.879980,0
20140303 020643013,0.879690,0.879990,0
20140303 020645090,0.879710,0.880010,0
20140303 020645403,0.879720,0.880020,0
20140303 020645777,0.879730,0.880030,0
20140303 020652980,0.879720,0.880020,0
20140303 020653327,0.879710,0.880010,0
20140303 020655373,0.879700,0.880000,0
20140303 020655730,0.879710,0.880010,0
20140303 020658137,0.879730,0.880030,0
20140303 020658480,0.879720,0.880020,0
20140303 020658810,0.879730,0.880030,0
20140303 020659153,0.879720,0.880020,0
20140303 020701230,0.879730,0.880030,0
20140303 020701577,0.879720,0.880020,0
20140303 020703637,0.879730,0.880030,0
20140303 020706027,0.879740,0.880040,0
20140303 020706387,0.879750,0.880050,0
20140303 020706730,0.879740,0.880040,0
20140303 020707417,0.879750,0.880050,0
20140303 020707763,0.879740,0.880040,0
20140303 020708107,0.879750,0.880050,0
20140303 020708793,0.879740,0.880040,0
20140303 020709123,0.879760,0.880060,0
20140303 020710167,0.879750,0.880050,0
20140303 020711543,0.879760,0.880060,0
20140303 020711887,0.879750,0.880050,0
20140303 020712230,0.879760,0.880060,0
20140303 020713607,0.879750,0.880050,0
20140303 020714293,0.879730,0.880030,0
20140303 020715683,0.879740,0.880040,0
20140303 020716357,0.879730,0.880030,0
20140303 020716700,0.879750,0.880050,0
20140303 020717043,0.879740,0.880040,0
20140303 020719107,0.879750,0.880050,0
20140303 020719450,0.879740,0.880040,0
20140303 020719793,0.879750,0.880050,0
20140303 020720137,0.879770,0.880070,0
20140303 020720467,0.879790,0.880090,0
20140303 020721513,0.879810,0.880110,0
20140303 020725293,0.879830,0.880130,0
20140303 020725637,0.879840,0.880140,0
20140303 020725967,0.879830,0.880130,0
20140303 020727357,0.879820,0.880120,0
20140303 020727717,0.879810,0.880110,0
20140303 020728043,0.879790,0.880090,0
20140303 020728387,0.879780,0.880080,0
20140303 020729077,0.879770,0.880070,0
20140303 020729763,0.879780,0.880080,0
20140303 020730107,0.879770,0.880070,0
20140303 020731137,0.879760,0.880060,0
20140303 020736293,0.879750,0.880050,0
20140303 020746590,0.879740,0.880040,0
20140303 020746950,0.879750,0.880050,0
20140303 020747277,0.879740,0.880040,0
20140303 020747637,0.879750,0.880050,0
20140303 020747980,0.879740,0.880040,0
20140303 020749013,0.879750,0.880050,0
20140303 020749340,0.879690,0.879990,0
20140303 020749700,0.879670,0.879970,0
20140303 020752107,0.879680,0.879980,0
20140303 020756577,0.879690,0.879990,0
20140303 020756917,0.879680,0.879980,0
20140303 020759327,0.879670,0.879970,0
20140303 020802060,0.879660,0.879960,0
20140303 020802763,0.879650,0.879950,0
20140303 020804480,0.879630,0.879930,0
20140303 020807247,0.879620,0.879920,0
20140303 020811357,0.879610,0.879910,0
20140303 020812373,0.879600,0.879900,0
20140303 020820967,0.879590,0.879890,0
20140303 020821653,0.879580,0.879880,0
20140303 020829577,0.879570,0.879870,0
20140303 020829917,0.879560,0.879860,0
20140303 020830247,0.879570,0.879870,0
20140303 020831277,0.879600,0.879900,0
20140303 020831623,0.879610,0.879910,0
20140303 020831980,0.879630,0.879930,0
20140303 020832327,0.879640,0.879940,0
20140303 020832653,0.879660,0.879960,0
20140303 020832997,0.879670,0.879970,0
20140303 020856387,0.879650,0.879950,0
20140303 020857077,0.879630,0.879930,0
20140303 020857417,0.879640,0.879940,0
20140303 020901200,0.879650,0.879950,0
20140303 020901887,0.879660,0.879960,0
20140303 020902230,0.879650,0.879950,0
20140303 020902917,0.879640,0.879940,0
20140303 020905327,0.879630,0.879930,0
20140303 020906373,0.879600,0.879900,0
20140303 020906700,0.879570,0.879870,0
20140303 020908060,0.879560,0.879860,0
20140303 020909123,0.879540,0.879840,0
20140303 020910827,0.879530,0.879830,0
20140303 020919077,0.879540,0.879840,0
20140303 020922167,0.879530,0.879830,0
20140303 020935217,0.879540,0.879840,0
20140303 020935903,0.879550,0.879850,0
20140303 020937293,0.879540,0.879840,0
20140303 020941090,0.879550,0.879850,0
20140303 020941433,0.879570,0.879870,0
20140303 020941747,0.879560,0.879860,0
20140303 020942090,0.879580,0.879880,0
20140303 020942793,0.879600,0.879900,0
20140303 020943137,0.879610,0.879910,0
20140303 020943827,0.879630,0.879930,0
20140303 020944167,0.879620,0.879920,0
20140303 020946577,0.879630,0.879930,0
20140303 020948277,0.879640,0.879940,0
20140303 020948623,0.879650,0.879950,0
20140303 020948980,0.879640,0.879940,0
20140303 020952433,0.879630,0.879930,0
20140303 020953107,0.879620,0.879920,0
20140303 020953450,0.879630,0.879930,0
20140303 020953793,0.879620,0.879920,0
20140303 020954137,0.879630,0.879930,0
20140303 020955857,0.879620,0.879920,0
20140303 020956543,0.879630,0.879930,0
20140303 020956873,0.879620,0.879920,0
20140303 020957230,0.879630,0.879930,0
20140303 020958950,0.879620,0.879920,0
20140303 021000340,0.879600,0.879900,0
20140303 021000667,0.879570,0.879870,0
20140303 021002730,0.879600,0.879900,0
20140303 021003403,0.879580,0.879880,0
20140303 021006167,0.879570,0.879870,0
20140303 021006497,0.879580,0.879880,0
20140303 021006857,0.879570,0.879870,0
20140303 021007200,0.879580,0.879880,0
20140303 021009263,0.879570,0.879870,0
20140303 021009607,0.879580,0.879880,0
20140303 021010293,0.879560,0.879860,0
20140303 021011667,0.879570,0.879870,0
20140303 021011997,0.879560,0.879860,0
20140303 021012357,0.879570,0.879870,0
20140303 021014077,0.879560,0.879860,0
20140303 021014433,0.879570,0.879870,0
20140303 021017153,0.879560,0.879860,0
20140303 021017497,0.879580,0.879880,0
20140303 021018527,0.879590,0.879890,0
20140303 021030230,0.879580,0.879880,0
20140303 021039840,0.879590,0.879890,0
20140303 021040200,0.879580,0.879880,0
20140303 021041230,0.879600,0.879900,0
20140303 021042263,0.879590,0.879890,0
20140303 021046387,0.879580,0.879880,0
20140303 021048450,0.879590,0.879890,0
20140303 021053950,0.879580,0.879880,0
20140303 021054623,0.879590,0.879890,0
20140303 021058763,0.879580,0.879880,0
20140303 021059107,0.879590,0.879890,0
20140303 021059450,0.879580,0.879880,0
20140303 021106667,0.879590,0.879890,0
20140303 021107013,0.879580,0.879880,0
20140303 021107700,0.879590,0.879890,0
20140303 021108060,0.879580,0.879880,0
20140303 021111137,0.879570,0.879870,0
20140303 021111467,0.879580,0.879880,0
20140303 021118357,0.879600,0.879900,0
20140303 021118717,0.879660,0.879960,0
20140303 021119060,0.879670,0.879970,0
20140303 021122123,0.879680,0.879980,0
20140303 021128653,0.879670,0.879970,0
20140303 021128997,0.879680,0.879980,0
20140303 021130373,0.879670,0.879970,0
20140303 021130717,0.879680,0.879980,0
20140303 021132433,0.879670,0.879970,0
20140303 021132777,0.879680,0.879980,0
20140303 021135873,0.879690,0.879990,0
20140303 021137590,0.879680,0.879980,0
20140303 021153403,0.879670,0.879970,0
20140303 021201997,0.879680,0.879980,0
20140303 021202340,0.879670,0.879970,0
20140303 021206810,0.879680,0.879980,0
20140303 021207153,0.879670,0.879970,0
20140303 021208183,0.879680,0.879980,0
20140303 021208527,0.879690,0.879990,0
20140303 021209560,0.879680,0.879980,0
20140303 021210933,0.879690,0.879990,0
20140303 021212653,0.879680,0.879980,0
20140303 021214387,0.879690,0.879990,0
20140303 021214730,0.879680,0.879980,0
20140303 021216090,0.879670,0.879970,0
20140303 021218873,0.879650,0.879950,0
20140303 021219217,0.879640,0.879940,0
20140303 021219887,0.879630,0.879930,0
20140303 021220577,0.879640,0.879940,0
20140303 021221933,0.879620,0.879920,0
20140303 021222293,0.879590,0.879890,0
20140303 021227450,0.879580,0.879880,0
20140303 021228123,0.879590,0.879890,0
20140303 021228467,0.879580,0.879880,0
20140303 021229167,0.879600,0.879900,0
20140303 021229497,0.879610,0.879910,0
20140303 021231577,0.879600,0.879900,0
20140303 021233310,0.879610,0.879910,0
20140303 021233637,0.879600,0.879900,0
20140303 021235357,0.879610,0.879910,0
20140303 021236387,0.879600,0.879900,0
20140303 021240857,0.879590,0.879890,0
20140303 021241200,0.879580,0.879880,0
20140303 021242577,0.879590,0.879890,0
20140303 021248747,0.879580,0.879880,0
20140303 021249107,0.879590,0.879890,0
20140303 021251153,0.879600,0.879900,0
20140303 021252873,0.879590,0.879890,0
20140303 021253560,0.879580,0.879880,0
20140303 021254933,0.879570,0.879870,0
20140303 021255293,0.879580,0.879880,0
20140303 021255980,0.879570,0.879870,0
20140303 021256997,0.879560,0.879860,0
20140303 021257357,0.879570,0.879870,0
20140303 021259777,0.879560,0.879860,0
20140303 021306637,0.879570,0.879870,0
20140303 021306980,0.879500,0.879800,0
20140303 021307340,0.879480,0.879780,0
20140303 021307653,0.879490,0.879790,0
20140303 021308373,0.879500,0.879800,0
20140303 021310077,0.879490,0.879790,0
20140303 021314543,0.879500,0.879800,0
20140303 021314747,0.879490,0.879790,0
20140303 021321763,0.879500,0.879800,0
20140303 021326590,0.879510,0.879810,0
20140303 021331403,0.879520,0.879820,0
20140303 021331730,0.879570,0.879870,0
20140303 021332077,0.879560,0.879860,0
20140303 021333433,0.879570,0.879870,0
20140303 021334467,0.879580,0.879880,0
20140303 021335167,0.879590,0.879890,0
20140303 021335857,0.879600,0.879900,0
20140303 021336200,0.879590,0.879890,0
20140303 021336560,0.879600,0.879900,0
20140303 021336887,0.879610,0.879910,0
20140303 021338607,0.879630,0.879930,0
20140303 021338950,0.879620,0.879920,0
20140303 021339293,0.879630,0.879930,0
20140303 021354763,0.879620,0.879920,0
20140303 021355433,0.879630,0.879930,0
20140303 021355793,0.879620,0.879920,0
20140303 021400590,0.879580,0.879880,0
20140303 021400967,0.879570,0.879870,0
20140303 021426027,0.879580,0.879880,0
20140303 021427747,0.879570,0.879870,0
20140303 021428777,0.879580,0.879880,0
20140303 021429123,0.879570,0.879870,0
20140303 021429467,0.879580,0.879880,0
20140303 021430153,0.879590,0.879890,0
20140303 021432903,0.879580,0.879880,0
20140303 021435653,0.879590,0.879890,0
20140303 021436357,0.879580,0.879880,0
20140303 021436683,0.879570,0.879870,0
20140303 021447683,0.879580,0.879880,0
20140303 021459747,0.879590,0.879890,0
20140303 021500763,0.879610,0.879910,0
20140303 021506590,0.879600,0.879900,0
20140303 021507637,0.879590,0.879890,0
20140303 021508327,0.879600,0.879900,0
20140303 021509013,0.879590,0.879890,0
20140303 021510043,0.879580,0.879880,0
20140303 021516933,0.879600,0.879900,0
20140303 021517263,0.879610,0.879910,0
20140303 021522747,0.879640,0.879940,0
20140303 021523450,0.879660,0.879960,0
20140303 021535467,0.879670,0.879970,0
20140303 021540653,0.879640,0.879940,0
20140303 021540980,0.879620,0.879920,0
20140303 021612590,0.879630,0.879930,0
20140303 021616027,0.879640,0.879940,0
20140303 021616717,0.879630,0.879930,0
20140303 021617060,0.879640,0.879940,0
20140303 021631153,0.879630,0.879930,0
20140303 021631497,0.879640,0.879940,0
20140303 021638717,0.879630,0.879930,0
20140303 021647997,0.879640,0.879940,0
20140303 021650060,0.879630,0.879930,0
20140303 021657277,0.879640,0.879940,0
20140303 021657623,0.879630,0.879930,0
20140303 021704153,0.879640,0.879940,0
20140303 021704497,0.879630,0.879930,0
20140303 021705183,0.879640,0.879940,0
20140303 021705527,0.879630,0.879930,0
20140303 021705873,0.879640,0.879940,0
20140303 021706230,0.879630,0.879930,0
20140303 021706560,0.879640,0.879940,0
20140303 021706903,0.879630,0.879930,0
20140303 021707933,0.879640,0.879940,0
20140303 021708277,0.879630,0.879930,0
20140303 021708623,0.879640,0.879940,0
20140303 021714137,0.879620,0.879920,0
20140303 021714840,0.879590,0.879890,0
20140303 021716183,0.879580,0.879880,0
20140303 021716543,0.879590,0.879890,0
20140303 021720310,0.879580,0.879880,0
20140303 021721013,0.879590,0.879890,0
20140303 021721700,0.879580,0.879880,0
20140303 021738887,0.879560,0.879860,0
20140303 021739217,0.879570,0.879870,0
20140303 021739577,0.879560,0.879860,0
20140303 021739903,0.879570,0.879870,0
20140303 021740247,0.879580,0.879880,0
20140303 021742997,0.879570,0.879870,0
20140303 021743340,0.879580,0.879880,0
20140303 021743700,0.879570,0.879870,0
20140303 021744043,0.879580,0.879880,0
20140303 021748497,0.879570,0.879870,0
20140303 021748857,0.879560,0.879860,0
20140303 021753327,0.879570,0.879870,0
20140303 021800903,0.879560,0.879860,0
20140303 021801230,0.879550,0.879850,0
20140303 021801577,0.879560,0.879860,0
20140303 021807090,0.879530,0.879830,0
20140303 021808793,0.879520,0.879820,0
20140303 021836637,0.879530,0.879830,0
20140303 021836980,0.879520,0.879820,0
20140303 021841793,0.879540,0.879840,0
20140303 021842497,0.879570,0.879870,0
20140303 021842827,0.879580,0.879880,0
20140303 021843153,0.879570,0.879870,0
20140303 021844527,0.879580,0.879880,0
20140303 021845217,0.879570,0.879870,0
20140303 021845577,0.879560,0.879860,0
20140303 021845903,0.879540,0.879840,0
20140303 021846623,0.879550,0.879850,0
20140303 021846933,0.879560,0.879860,0
20140303 021847277,0.879570,0.879870,0
20140303 021847967,0.879560,0.879860,0
20140303 021848667,0.879570,0.879870,0
20140303 021850747,0.879560,0.879860,0
20140303 021851060,0.879550,0.879850,0
20140303 021855887,0.879530,0.879830,0
20140303 021856217,0.879510,0.879810,0
20140303 021856577,0.879490,0.879790,0
20140303 021857933,0.879500,0.879800,0
20140303 021858277,0.879510,0.879810,0
20140303 021907903,0.879500,0.879800,0
20140303 021909277,0.879490,0.879790,0
20140303 021912747,0.879480,0.879780,0
20140303 021913077,0.879470,0.879770,0
20140303 021913747,0.879450,0.879750,0
20140303 021917873,0.879460,0.879760,0
20140303 021918217,0.879470,0.879770,0
20140303 021918560,0.879480,0.879780,0
20140303 021918903,0.879470,0.879770,0
20140303 021925433,0.879480,0.879780,0
20140303 021925793,0.879470,0.879770,0
20140303 021927167,0.879480,0.879780,0
20140303 021927857,0.879490,0.879790,0
20140303 021928200,0.879480,0.879780,0
20140303 021941950,0.879470,0.879770,0
20140303 021942277,0.879450,0.879750,0
20140303 021945730,0.879460,0.879760,0
20140303 021946077,0.879450,0.879750,0
20140303 021947123,0.879420,0.879720,0
20140303 021947467,0.879400,0.879700,0
20140303 021954683,0.879390,0.879690,0
20140303 021955013,0.879370,0.879670,0
20140303 021955340,0.879360,0.879660,0
20140303 021959827,0.879370,0.879670,0
20140303 022000167,0.879350,0.879650,0
20140303 022000513,0.879340,0.879640,0
20140303 022000857,0.879350,0.879650,0
20140303 022001200,0.879340,0.879640,0
20140303 022008403,0.879350,0.879650,0
20140303 022009090,0.879370,0.879670,0
20140303 022009433,0.879390,0.879690,0
20140303 022009793,0.879400,0.879700,0
20140303 022011497,0.879410,0.879710,0
20140303 022011840,0.879400,0.879700,0
20140303 022012873,0.879410,0.879710,0
20140303 022013217,0.879400,0.879700,0
20140303 022014730,0.879410,0.879710,0
20140303 022019403,0.879390,0.879690,0
20140303 022027997,0.879410,0.879710,0
20140303 022028683,0.879400,0.879700,0
20140303 022029027,0.879410,0.879710,0
20140303 022029373,0.879400,0.879700,0
20140303 022030060,0.879410,0.879710,0
20140303 022030403,0.879400,0.879700,0
20140303 022030747,0.879410,0.879710,0
20140303 022031090,0.879400,0.879700,0
20140303 022031777,0.879410,0.879710,0
20140303 022032123,0.879400,0.879700,0
20140303 022032467,0.879410,0.879710,0
20140303 022033497,0.879400,0.879700,0
20140303 022033840,0.879410,0.879710,0
20140303 022034527,0.879400,0.879700,0
20140303 022034873,0.879410,0.879710,0
20140303 022036933,0.879400,0.879700,0
20140303 022049667,0.879410,0.879710,0
20140303 022049997,0.879400,0.879700,0
20140303 022054467,0.879410,0.879710,0
20140303 022055840,0.879400,0.879700,0
20140303 022056183,0.879440,0.879740,0
20140303 022056887,0.879530,0.879830,0
20140303 022057217,0.879550,0.879850,0
20140303 022057577,0.879540,0.879840,0
20140303 022107527,0.879550,0.879850,0
20140303 022110623,0.879540,0.879840,0
20140303 022111653,0.879550,0.879850,0
20140303 022112340,0.879530,0.879830,0
20140303 022116123,0.879520,0.879820,0
20140303 022116467,0.879500,0.879800,0
20140303 022117167,0.879480,0.879780,0
20140303 022117497,0.879470,0.879770,0
20140303 022118887,0.879460,0.879760,0
20140303 022123340,0.879450,0.879750,0
20140303 022123700,0.879460,0.879760,0
20140303 022126090,0.879450,0.879750,0
20140303 022126433,0.879460,0.879760,0
20140303 022128167,0.879450,0.879750,0
20140303 022128497,0.879460,0.879760,0
20140303 022129903,0.879440,0.879740,0
20140303 022131933,0.879460,0.879760,0
20140303 022135043,0.879450,0.879750,0
20140303 022136090,0.879430,0.879730,0
20140303 022136747,0.879420,0.879720,0
20140303 022137090,0.879430,0.879730,0
20140303 022138840,0.879440,0.879740,0
20140303 022139183,0.879450,0.879750,0
20140303 022139497,0.879460,0.879760,0
20140303 022140183,0.879450,0.879750,0
20140303 022140527,0.879460,0.879760,0
20140303 022141560,0.879450,0.879750,0
20140303 022142590,0.879460,0.879760,0
20140303 022142933,0.879470,0.879770,0
20140303 022147077,0.879460,0.879760,0
20140303 022147403,0.879430,0.879730,0
20140303 022149467,0.879450,0.879750,0
20140303 022151543,0.879460,0.879760,0
20140303 022152217,0.879470,0.879770,0
20140303 022152560,0.879460,0.879760,0
20140303 022154277,0.879470,0.879770,0
20140303 022155997,0.879460,0.879760,0
20140303 022156340,0.879470,0.879770,0
20140303 022157373,0.879460,0.879760,0
20140303 022159730,0.879480,0.879780,0
20140303 022200467,0.879470,0.879770,0
20140303 022200810,0.879480,0.879780,0
20140303 022201497,0.879490,0.879790,0
20140303 022204950,0.879480,0.879780,0
20140303 022205277,0.879470,0.879770,0
20140303 022205623,0.879460,0.879760,0
20140303 022206310,0.879470,0.879770,0
20140303 022206653,0.879460,0.879760,0
20140303 022207700,0.879430,0.879730,0
20140303 022218683,0.879440,0.879740,0
20140303 022220747,0.879430,0.879730,0
20140303 022238653,0.879410,0.879710,0
20140303 022238997,0.879360,0.879660,0
20140303 022239327,0.879350,0.879650,0
20140303 022240357,0.879360,0.879660,0
20140303 022240700,0.879350,0.879650,0
20140303 022241387,0.879360,0.879660,0
20140303 022242090,0.879350,0.879650,0
20140303 022242417,0.879360,0.879660,0
20140303 022242763,0.879350,0.879650,0
20140303 022243107,0.879360,0.879660,0
20140303 022244480,0.879350,0.879650,0
20140303 022244840,0.879360,0.879660,0
20140303 022245167,0.879350,0.879650,0
20140303 022245857,0.879360,0.879660,0
20140303 022246873,0.879350,0.879650,0
20140303 022247217,0.879360,0.879660,0
20140303 022247560,0.879350,0.879650,0
20140303 022247917,0.879360,0.879660,0
20140303 022250327,0.879350,0.879650,0
20140303 022251683,0.879360,0.879660,0
20140303 022252730,0.879350,0.879650,0
20140303 022253403,0.879360,0.879660,0
20140303 022258230,0.879350,0.879650,0
20140303 022300293,0.879330,0.879630,0
20140303 022304763,0.879340,0.879640,0
20140303 022312997,0.879350,0.879650,0
20140303 022313357,0.879340,0.879640,0
20140303 022313683,0.879350,0.879650,0
20140303 022321623,0.879360,0.879660,0
20140303 022322293,0.879350,0.879650,0
20140303 022322623,0.879360,0.879660,0
20140303 022323667,0.879350,0.879650,0
20140303 022330183,0.879340,0.879640,0
20140303 022340153,0.879350,0.879650,0
20140303 022340513,0.879340,0.879640,0
20140303 022342230,0.879330,0.879630,0
20140303 022343277,0.879340,0.879640,0
20140303 022343950,0.879350,0.879650,0
20140303 022344293,0.879340,0.879640,0
20140303 022345997,0.879350,0.879650,0
20140303 022346357,0.879340,0.879640,0
20140303 022353247,0.879300,0.879600,0
20140303 022353590,0.879290,0.879590,0
20140303 022355277,0.879280,0.879580,0
20140303 022357013,0.879290,0.879590,0
20140303 022359060,0.879280,0.879580,0
20140303 022402840,0.879290,0.879590,0
20140303 022406293,0.879280,0.879580,0
20140303 022411810,0.879270,0.879570,0
20140303 022415230,0.879250,0.879550,0
20140303 022415560,0.879240,0.879540,0
20140303 022420403,0.879250,0.879550,0
20140303 022423480,0.879260,0.879560,0
20140303 022423810,0.879250,0.879550,0
20140303 022424857,0.879260,0.879560,0
20140303 022426903,0.879230,0.879530,0
20140303 022427247,0.879220,0.879520,0
20140303 022427950,0.879210,0.879510,0
20140303 022428980,0.879240,0.879540,0
20140303 022437903,0.879220,0.879520,0
20140303 022438247,0.879240,0.879540,0
20140303 022438590,0.879250,0.879550,0
20140303 022439980,0.879290,0.879590,0
20140303 022440327,0.879280,0.879580,0
20140303 022441357,0.879260,0.879560,0
20140303 022441700,0.879250,0.879550,0
20140303 022442027,0.879260,0.879560,0
20140303 022442373,0.879250,0.879550,0
20140303 022444107,0.879240,0.879540,0
20140303 022444793,0.879250,0.879550,0
20140303 022445467,0.879240,0.879540,0
20140303 022449933,0.879250,0.879550,0
20140303 022450277,0.879240,0.879540,0
20140303 022450967,0.879230,0.879530,0
20140303 022451310,0.879240,0.879540,0
20140303 022455090,0.879260,0.879560,0
20140303 022504027,0.879290,0.879590,0
20140303 022505417,0.879310,0.879610,0
20140303 022505747,0.879320,0.879620,0
20140303 022506433,0.879310,0.879610,0
20140303 022507810,0.879320,0.879620,0
20140303 022508153,0.879330,0.879630,0
20140303 022508497,0.879350,0.879650,0
20140303 022508857,0.879360,0.879660,0
20140303 022509183,0.879350,0.879650,0
20140303 022531183,0.879340,0.879640,0
20140303 022535683,0.879350,0.879650,0
20140303 022551827,0.879360,0.879660,0
20140303 022604200,0.879350,0.879650,0
20140303 022605577,0.879360,0.879660,0
20140303 022611403,0.879340,0.879640,0
20140303 022612793,0.879350,0.879650,0
20140303 022624480,0.879340,0.879640,0
20140303 022628967,0.879360,0.879660,0
20140303 022629293,0.879350,0.879650,0
20140303 022630310,0.879360,0.879660,0
20140303 022631357,0.879350,0.879650,0
20140303 022631683,0.879360,0.879660,0
20140303 022632747,0.879380,0.879680,0
20140303 022633417,0.879370,0.879670,0
20140303 022633747,0.879380,0.879680,0
20140303 022634090,0.879370,0.879670,0
20140303 022636840,0.879380,0.879680,0
20140303 022637543,0.879370,0.879670,0
20140303 022637887,0.879380,0.879680,0
20140303 022638230,0.879370,0.879670,0
20140303 022638577,0.879380,0.879680,0
20140303 022638933,0.879390,0.879690,0
20140303 022639263,0.879400,0.879700,0
20140303 022639607,0.879410,0.879710,0
20140303 022640293,0.879420,0.879720,0
20140303 022641327,0.879390,0.879690,0
20140303 022641667,0.879420,0.879720,0
20140303 022648887,0.879410,0.879710,0
20140303 022656107,0.879420,0.879720,0
20140303 022656450,0.879410,0.879710,0
20140303 022658167,0.879420,0.879720,0
20140303 022659560,0.879410,0.879710,0
20140303 022659887,0.879420,0.879720,0
20140303 022701607,0.879410,0.879710,0
20140303 022703327,0.879420,0.879720,0
20140303 022704013,0.879410,0.879710,0
20140303 022709153,0.879420,0.879720,0
20140303 022711230,0.879410,0.879710,0
20140303 022715340,0.879400,0.879700,0
20140303 022720857,0.879390,0.879690,0
20140303 022721903,0.879370,0.879670,0
20140303 022722247,0.879360,0.879660,0
20140303 022723950,0.879330,0.879630,0
20140303 022729450,0.879340,0.879640,0
20140303 022759013,0.879350,0.879650,0
20140303 022801417,0.879360,0.879660,0
20140303 022825137,0.879350,0.879650,0
20140303 022847137,0.879340,0.879640,0
20140303 022851607,0.879330,0.879630,0
20140303 022912577,0.879320,0.879620,0
20140303 022928387,0.879330,0.879630,0
20140303 022941793,0.879350,0.879650,0
20140303 022947637,0.879340,0.879640,0
20140303 022948997,0.879350,0.879650,0
20140303 022950387,0.879340,0.879640,0
20140303 022950730,0.879350,0.879650,0
20140303 022951417,0.879340,0.879640,0
20140303 022952793,0.879350,0.879650,0
20140303 022954513,0.879340,0.879640,0
20140303 022954857,0.879350,0.879650,0
20140303 023000700,0.879340,0.879640,0
20140303 023001387,0.879350,0.879650,0
20140303 023003450,0.879340,0.879640,0
20140303 023003793,0.879350,0.879650,0
20140303 023004137,0.879340,0.879640,0
20140303 023005857,0.879350,0.879650,0
20140303 023007577,0.879360,0.879660,0
20140303 023014107,0.879350,0.879650,0
20140303 023015137,0.879360,0.879660,0
20140303 023015480,0.879350,0.879650,0
20140303 023020277,0.879330,0.879630,0
20140303 023020980,0.879290,0.879590,0
20140303 023022340,0.879270,0.879570,0
20140303 023022717,0.879260,0.879560,0
20140303 023023043,0.879270,0.879570,0
20140303 023036793,0.879260,0.879560,0
20140303 023038153,0.879250,0.879550,0
20140303 023038513,0.879270,0.879570,0
20140303 023041950,0.879260,0.879560,0
20140303 023042277,0.879280,0.879580,0
20140303 023108747,0.879290,0.879590,0
20140303 023113217,0.879310,0.879610,0
20140303 023135230,0.879300,0.879600,0
20140303 023151730,0.879310,0.879610,0
20140303 023152077,0.879300,0.879600,0
20140303 023154480,0.879350,0.879650,0
20140303 023154730,0.879330,0.879630,0
20140303 023155167,0.879310,0.879610,0
20140303 023156543,0.879320,0.879620,0
20140303 023201357,0.879330,0.879630,0
20140303 023201700,0.879320,0.879620,0
20140303 023202043,0.879330,0.879630,0
20140303 023202730,0.879320,0.879620,0
20140303 023205123,0.879330,0.879630,0
20140303 023206857,0.879310,0.879610,0
20140303 023208230,0.879320,0.879620,0
20140303 023208917,0.879330,0.879630,0
20140303 023209277,0.879320,0.879620,0
20140303 023209607,0.879330,0.879630,0
20140303 023217840,0.879320,0.879620,0
20140303 023218183,0.879330,0.879630,0
20140303 023218543,0.879340,0.879640,0
20140303 023218887,0.879350,0.879650,0
20140303 023229200,0.879340,0.879640,0
20140303 023229527,0.879350,0.879650,0
20140303 023230933,0.879340,0.879640,0
20140303 023234373,0.879320,0.879620,0
20140303 023237123,0.879310,0.879610,0
20140303 023237450,0.879300,0.879600,0
20140303 023238827,0.879310,0.879610,0
20140303 023240527,0.879330,0.879630,0
20140303 023242247,0.879310,0.879610,0
20140303 023244327,0.879320,0.879620,0
20140303 023249840,0.879330,0.879630,0
20140303 023251200,0.879350,0.879650,0
20140303 023253263,0.879360,0.879660,0
20140303 023253607,0.879370,0.879670,0
20140303 023253950,0.879360,0.879660,0
20140303 023259107,0.879350,0.879650,0
20140303 023259450,0.879330,0.879630,0
20140303 023259793,0.879320,0.879620,0
20140303 023300827,0.879310,0.879610,0
20140303 023301857,0.879350,0.879650,0
20140303 023302200,0.879340,0.879640,0
20140303 023302543,0.879350,0.879650,0
20140303 023303590,0.879370,0.879670,0
20140303 023310450,0.879380,0.879680,0
20140303 023314577,0.879390,0.879690,0
20140303 023315247,0.879400,0.879700,0
20140303 023315607,0.879410,0.879710,0
20140303 023316293,0.879420,0.879720,0
20140303 023318340,0.879410,0.879710,0
20140303 023318683,0.879400,0.879700,0
20140303 023320433,0.879420,0.879720,0
20140303 023320763,0.879450,0.879750,0
20140303 023321123,0.879510,0.879810,0
20140303 023321467,0.879550,0.879850,0
20140303 023322137,0.879560,0.879860,0
20140303 023322480,0.879580,0.879880,0
20140303 023323513,0.879590,0.879890,0
20140303 023326263,0.879580,0.879880,0
20140303 023326623,0.879540,0.879840,0
20140303 023327980,0.879550,0.879850,0
20140303 023328327,0.879540,0.879840,0
20140303 023328683,0.879550,0.879850,0
20140303 023330027,0.879540,0.879840,0
20140303 023335873,0.879550,0.879850,0
20140303 023336230,0.879540,0.879840,0
20140303 023340013,0.879550,0.879850,0
20140303 023340373,0.879570,0.879870,0
20140303 023340700,0.879560,0.879860,0
20140303 023342417,0.879570,0.879870,0
20140303 023344153,0.879530,0.879830,0
20140303 023344467,0.879520,0.879820,0
20140303 023351340,0.879510,0.879810,0
20140303 023352043,0.879520,0.879820,0
20140303 023354793,0.879510,0.879810,0
20140303 023355137,0.879520,0.879820,0
20140303 023356873,0.879540,0.879840,0
20140303 023357200,0.879570,0.879870,0
20140303 023357527,0.879560,0.879860,0
20140303 023357887,0.879570,0.879870,0
20140303 023358230,0.879560,0.879860,0
20140303 023359950,0.879570,0.879870,0
20140303 023400293,0.879580,0.879880,0
20140303 023400980,0.879570,0.879870,0
20140303 023402013,0.879590,0.879890,0
20140303 023406480,0.879610,0.879910,0
20140303 023406827,0.879620,0.879920,0
20140303 023409917,0.879610,0.879910,0
20140303 023410607,0.879620,0.879920,0
20140303 023411293,0.879610,0.879910,0
20140303 023411637,0.879620,0.879920,0
20140303 023413700,0.879610,0.879910,0
20140303 023415747,0.879620,0.879920,0
20140303 023416433,0.879610,0.879910,0
20140303 023418153,0.879620,0.879920,0
20140303 023439467,0.879640,0.879940,0
20140303 023440153,0.879690,0.879990,0
20140303 023440513,0.879720,0.880020,0
20140303 023441183,0.879730,0.880030,0
20140303 023441903,0.879690,0.879990,0
20140303 023443590,0.879680,0.879980,0
20140303 023452183,0.879690,0.879990,0
20140303 023455277,0.879720,0.880020,0
20140303 023455623,0.879690,0.879990,0
20140303 023508013,0.879700,0.880000,0
20140303 023508357,0.879720,0.880020,0
20140303 023508700,0.879730,0.880030,0
20140303 023510417,0.879740,0.880040,0
20140303 023510763,0.879730,0.880030,0
20140303 023513857,0.879740,0.880040,0
20140303 023527607,0.879750,0.880050,0
20140303 023527950,0.879740,0.880040,0
20140303 023528293,0.879760,0.880060,0
20140303 023531043,0.879770,0.880070,0
20140303 023531387,0.879760,0.880060,0
20140303 023532417,0.879750,0.880050,0
20140303 023534137,0.879770,0.880070,0
20140303 023538247,0.879760,0.880060,0
20140303 023541357,0.879770,0.880070,0
20140303 023542043,0.879760,0.880060,0
20140303 023542717,0.879770,0.880070,0
20140303 023543077,0.879760,0.880060,0
20140303 023543417,0.879770,0.880070,0
20140303 023545480,0.879800,0.880100,0
20140303 023545810,0.879810,0.880110,0
20140303 023546167,0.879820,0.880120,0
20140303 023548903,0.879830,0.880130,0
20140303 023550293,0.879820,0.880120,0
20140303 023550653,0.879880,0.880180,0
20140303 023550967,0.879910,0.880210,0
20140303 023553387,0.879900,0.880200,0
20140303 023555450,0.879860,0.880160,0
20140303 023555793,0.879850,0.880150,0
20140303 023556827,0.879840,0.880140,0
20140303 023558200,0.879830,0.880130,0
20140303 023605403,0.879820,0.880120,0
20140303 023606450,0.879830,0.880130,0
20140303 023607137,0.879820,0.880120,0
20140303 023607480,0.879830,0.880130,0
20140303 023623967,0.879820,0.880120,0
20140303 023624310,0.879830,0.880130,0
20140303 023631527,0.879820,0.880120,0
20140303 023631873,0.879830,0.880130,0
20140303 023632560,0.879820,0.880120,0
20140303 023632903,0.879830,0.880130,0
20140303 023633933,0.879820,0.880120,0
20140303 023635310,0.879830,0.880130,0
20140303 023635653,0.879820,0.880120,0
20140303 023640123,0.879830,0.880130,0
20140303 023640467,0.879820,0.880120,0
20140303 023640810,0.879830,0.880130,0
20140303 023641497,0.879840,0.880140,0
20140303 023641840,0.879850,0.880150,0
20140303 023642183,0.879860,0.880160,0
20140303 023642527,0.879850,0.880150,0
20140303 023643560,0.879860,0.880160,0
20140303 023643903,0.879850,0.880150,0
20140303 023644263,0.879870,0.880170,0
20140303 023644590,0.879880,0.880180,0
20140303 023652167,0.879860,0.880160,0
20140303 023652857,0.879880,0.880180,0
20140303 023658013,0.879910,0.880210,0
20140303 023701793,0.879920,0.880220,0
20140303 023702137,0.879910,0.880210,0
20140303 023707980,0.879920,0.880220,0
20140303 023708310,0.879910,0.880210,0
20140303 023709357,0.879930,0.880230,0
20140303 023709747,0.879920,0.880220,0
20140303 023711417,0.879970,0.880270,0
20140303 023712793,0.879980,0.880280,0
20140303 023713123,0.879970,0.880270,0
20140303 023725167,0.879960,0.880260,0
20140303 023725513,0.879940,0.880240,0
20140303 023727903,0.879960,0.880260,0
20140303 023728247,0.879970,0.880270,0
20140303 023751293,0.879980,0.880280,0
20140303 023752667,0.879970,0.880270,0
20140303 023755077,0.879980,0.880280,0
20140303 023758167,0.879970,0.880270,0
20140303 023802980,0.879990,0.880290,0
20140303 023813997,0.880000,0.880300,0
20140303 023814340,0.880020,0.880320,0
20140303 023814667,0.880050,0.880350,0
20140303 023817417,0.880040,0.880340,0
20140303 023817763,0.880050,0.880350,0
20140303 023831183,0.880060,0.880360,0
20140303 023833917,0.880020,0.880320,0
20140303 023834607,0.880030,0.880330,0
20140303 023834950,0.880020,0.880320,0
20140303 023835293,0.880040,0.880340,0
20140303 023835623,0.880030,0.880330,0
20140303 023836653,0.880020,0.880320,0
20140303 023836997,0.880000,0.880300,0
20140303 023839417,0.879990,0.880290,0
20140303 023839747,0.880000,0.880300,0
20140303 023841827,0.879990,0.880290,0
20140303 023842513,0.879980,0.880280,0
20140303 023842857,0.879970,0.880270,0
20140303 023844217,0.879960,0.880260,0
20140303 023844577,0.879950,0.880250,0
20140303 023844903,0.879940,0.880240,0
20140303 023848700,0.879930,0.880230,0
20140303 023849027,0.879940,0.880240,0
20140303 023850763,0.879930,0.880230,0
20140303 023851107,0.879940,0.880240,0
20140303 023851450,0.879930,0.880230,0
20140303 023852827,0.879940,0.880240,0
20140303 023854747,0.879930,0.880230,0
20140303 023854887,0.879940,0.880240,0
20140303 023918607,0.879930,0.880230,0
20140303 023918950,0.879940,0.880240,0
20140303 023929263,0.879950,0.880250,0
20140303 023929590,0.879940,0.880240,0
20140303 023932700,0.879950,0.880250,0
20140303 023933043,0.879940,0.880240,0
20140303 023935107,0.879930,0.880230,0
20140303 023935450,0.879940,0.880240,0
20140303 023936827,0.879950,0.880250,0
20140303 023941310,0.879960,0.880260,0
20140303 023943027,0.880000,0.880300,0
20140303 023943357,0.880010,0.880310,0
20140303 023944043,0.880000,0.880300,0
20140303 023944387,0.880010,0.880310,0
20140303 023946793,0.880020,0.880320,0
20140303 023947137,0.880010,0.880310,0
20140303 023947480,0.880020,0.880320,0
20140303 023947840,0.880010,0.880310,0
20140303 023948167,0.880020,0.880320,0
20140303 023949200,0.880010,0.880310,0
20140303 023950230,0.880020,0.880320,0
20140303 023958497,0.880010,0.880310,0
20140303 023958840,0.880020,0.880320,0
20140303 024000183,0.880010,0.880310,0
20140303 024001560,0.880020,0.880320,0
20140303 024005700,0.880010,0.880310,0
20140303 024006043,0.879980,0.880280,0
20140303 024006717,0.879970,0.880270,0
20140303 024007763,0.879940,0.880240,0
20140303 024009137,0.879950,0.880250,0
20140303 024009467,0.879940,0.880240,0
20140303 024033543,0.879930,0.880230,0
20140303 024036980,0.879940,0.880240,0
20140303 024037653,0.879930,0.880230,0
20140303 024038013,0.879940,0.880240,0
20140303 024041450,0.879930,0.880230,0
20140303 024041793,0.879940,0.880240,0
20140303 024043167,0.879930,0.880230,0
20140303 024043513,0.879950,0.880250,0
20140303 024044200,0.879930,0.880230,0
20140303 024044527,0.879940,0.880240,0
20140303 024044887,0.879930,0.880230,0
20140303 024045230,0.879940,0.880240,0
20140303 024045917,0.879930,0.880230,0
20140303 024046933,0.879940,0.880240,0
20140303 024047293,0.879930,0.880230,0
20140303 024048310,0.879940,0.880240,0
20140303 024048667,0.879930,0.880230,0
20140303 024049357,0.879940,0.880240,0
20140303 024050387,0.879930,0.880230,0
20140303 024051763,0.879940,0.880240,0
20140303 024053827,0.879930,0.880230,0
20140303 024054167,0.879940,0.880240,0
20140303 024054857,0.879930,0.880230,0
20140303 024055183,0.879940,0.880240,0
20140303 024055873,0.879930,0.880230,0
20140303 024100373,0.879920,0.880220,0
20140303 024102077,0.879910,0.880210,0
20140303 024104137,0.879940,0.880240,0
20140303 024104467,0.879960,0.880260,0
20140303 024104810,0.879980,0.880280,0
20140303 024105183,0.879970,0.880270,0
20140303 024106277,0.879980,0.880280,0
20140303 024106560,0.880030,0.880330,0
20140303 024106903,0.880020,0.880320,0
20140303 024107577,0.880030,0.880330,0
20140303 024107917,0.880020,0.880320,0
20140303 024108263,0.880000,0.880300,0
20140303 024108590,0.879990,0.880290,0
20140303 024110667,0.879970,0.880270,0
20140303 024111013,0.879960,0.880260,0
20140303 024111357,0.879970,0.880270,0
20140303 024113763,0.880030,0.880330,0
20140303 024114450,0.880040,0.880340,0
20140303 024115137,0.880050,0.880350,0
20140303 024115827,0.880040,0.880340,0
20140303 024117543,0.880020,0.880320,0
20140303 024123730,0.880030,0.880330,0
20140303 024124060,0.880040,0.880340,0
20140303 024125107,0.880050,0.880350,0
20140303 024125793,0.880040,0.880340,0
20140303 024126827,0.880050,0.880350,0
20140303 024127167,0.880060,0.880360,0
20140303 024128543,0.880090,0.880390,0
20140303 024128887,0.880120,0.880420,0
20140303 024129903,0.880110,0.880410,0
20140303 024130263,0.880120,0.880420,0
20140303 024131277,0.880150,0.880450,0
20140303 024131623,0.880140,0.880440,0
20140303 024131967,0.880150,0.880450,0
20140303 024132310,0.880160,0.880460,0
20140303 024132997,0.880150,0.880450,0
20140303 024139873,0.880160,0.880460,0
20140303 024140217,0.880140,0.880440,0
20140303 024142623,0.880150,0.880450,0
20140303 024143310,0.880140,0.880440,0
20140303 024145717,0.880150,0.880450,0
20140303 024146763,0.880170,0.880470,0
20140303 024147090,0.880150,0.880450,0
20140303 024147433,0.880180,0.880480,0
20140303 024147793,0.880140,0.880440,0
20140303 024148123,0.880150,0.880450,0
20140303 024148480,0.880140,0.880440,0
20140303 024149497,0.880150,0.880450,0
20140303 024149747,0.880140,0.880440,0
20140303 024149840,0.880150,0.880450,0
20140303 024151903,0.880140,0.880440,0
20140303 024152933,0.880150,0.880450,0
20140303 024153623,0.880140,0.880440,0
20140303 024154653,0.880150,0.880450,0
20140303 024155340,0.880140,0.880440,0
20140303 024155683,0.880150,0.880450,0
20140303 024156027,0.880140,0.880440,0
20140303 024156373,0.880120,0.880420,0
20140303 024157417,0.880130,0.880430,0
20140303 024159467,0.880120,0.880420,0
20140303 024200167,0.880130,0.880430,0
20140303 024200497,0.880120,0.880420,0
20140303 024204637,0.880110,0.880410,0
20140303 024207730,0.880100,0.880400,0
20140303 024210137,0.880120,0.880420,0
20140303 024210467,0.880130,0.880430,0
20140303 024210810,0.880120,0.880420,0
20140303 024211167,0.880090,0.880390,0
20140303 024211513,0.880050,0.880350,0
20140303 024211840,0.880040,0.880340,0
20140303 024212183,0.880070,0.880370,0
20140303 024215980,0.880050,0.880350,0
20140303 024216327,0.880020,0.880320,0
20140303 024220827,0.880030,0.880330,0
20140303 024221137,0.880020,0.880320,0
20140303 024221810,0.880010,0.880310,0
20140303 024224560,0.880000,0.880300,0
20140303 024229027,0.880010,0.880310,0
20140303 024229373,0.880000,0.880300,0
20140303 024229730,0.879980,0.880280,0
20140303 024230077,0.879970,0.880270,0
20140303 024230417,0.879920,0.880220,0
20140303 024230747,0.879890,0.880190,0
20140303 024236623,0.879900,0.880200,0
20140303 024241077,0.879920,0.880220,0
20140303 024242107,0.879930,0.880230,0
20140303 024242433,0.879950,0.880250,0
20140303 024249327,0.879930,0.880230,0
20140303 024249683,0.879900,0.880200,0
20140303 024254480,0.879890,0.880190,0
20140303 024255857,0.879880,0.880180,0
20140303 024256543,0.879870,0.880170,0
20140303 024307543,0.879880,0.880180,0
20140303 024307887,0.879960,0.880260,0
20140303 024308230,0.879970,0.880270,0
20140303 024308577,0.880000,0.880300,0
20140303 024308917,0.880020,0.880320,0
20140303 024309247,0.880010,0.880310,0
20140303 024312013,0.880020,0.880320,0
20140303 024317857,0.879990,0.880290,0
20140303 024318543,0.879980,0.880280,0
20140303 024348810,0.879960,0.880260,0
20140303 024349137,0.879950,0.880250,0
20140303 024349810,0.879940,0.880240,0
20140303 024350857,0.879950,0.880250,0
20140303 024351200,0.879940,0.880240,0
20140303 024351543,0.879950,0.880250,0
20140303 024351903,0.879980,0.880280,0
20140303 024352903,0.879970,0.880270,0
20140303 024353607,0.879980,0.880280,0
20140303 024354980,0.879970,0.880270,0
20140303 024355327,0.879980,0.880280,0
20140303 024357043,0.879970,0.880270,0
20140303 024400137,0.879980,0.880280,0
20140303 024447917,0.879970,0.880270,0
20140303 024455480,0.879980,0.880280,0
20140303 024455827,0.879970,0.880270,0
20140303 024500623,0.879980,0.880280,0
20140303 024501667,0.879970,0.880270,0
20140303 024503027,0.879980,0.880280,0
20140303 024507873,0.879990,0.880290,0
20140303 024508200,0.880000,0.880300,0
20140303 024530873,0.880020,0.880320,0
20140303 024536387,0.880010,0.880310,0
20140303 024538107,0.880020,0.880320,0
20140303 024538450,0.880010,0.880310,0
20140303 024538793,0.880020,0.880320,0
20140303 024539123,0.880010,0.880310,0
20140303 024541543,0.880020,0.880320,0
20140303 024543607,0.880000,0.880300,0
20140303 024544277,0.880010,0.880310,0
20140303 024544980,0.880020,0.880320,0
20140303 024546013,0.880030,0.880330,0
20140303 024546357,0.880020,0.880320,0
20140303 024548060,0.880030,0.880330,0
20140303 024548747,0.880020,0.880320,0
20140303 024549467,0.880080,0.880380,0
20140303 024549793,0.880090,0.880390,0
20140303 024550467,0.880100,0.880400,0
20140303 024551857,0.880050,0.880350,0
20140303 024552200,0.880080,0.880380,0
20140303 024554263,0.880050,0.880350,0
20140303 024554607,0.880030,0.880330,0
20140303 024558403,0.880040,0.880340,0
20140303 024613857,0.880050,0.880350,0
20140303 024614200,0.880060,0.880360,0
20140303 024615903,0.880050,0.880350,0
20140303 024616277,0.880060,0.880360,0
20140303 024616933,0.880080,0.880380,0
20140303 024624497,0.880070,0.880370,0
20140303 024625887,0.880080,0.880380,0
20140303 024626230,0.880070,0.880370,0
20140303 024626903,0.880060,0.880360,0
20140303 024628293,0.880080,0.880380,0
20140303 024628637,0.880130,0.880430,0
20140303 024629310,0.880140,0.880440,0
20140303 024629653,0.880130,0.880430,0
20140303 024629730,0.880120,0.880420,0
20140303 024631043,0.880110,0.880410,0
20140303 024631373,0.880080,0.880380,0
20140303 024631717,0.880090,0.880390,0
20140303 024647527,0.880080,0.880380,0
20140303 024655107,0.880100,0.880400,0
20140303 024655467,0.880110,0.880410,0
20140303 024657153,0.880130,0.880430,0
20140303 024657497,0.880120,0.880420,0
20140303 024700590,0.880130,0.880430,0
20140303 024704373,0.880140,0.880440,0
20140303 024708167,0.880130,0.880430,0
20140303 024717090,0.880100,0.880400,0
20140303 024719497,0.880090,0.880390,0
20140303 024719840,0.880100,0.880400,0
20140303 024724667,0.880090,0.880390,0
20140303 024726747,0.880080,0.880380,0
20140303 024727060,0.880050,0.880350,0
20140303 024728810,0.880040,0.880340,0
20140303 024729480,0.880050,0.880350,0
20140303 024734293,0.880020,0.880320,0
20140303 024735327,0.880030,0.880330,0
20140303 024735667,0.880040,0.880340,0
20140303 024736683,0.880030,0.880330,0
20140303 024737373,0.880040,0.880340,0
20140303 024737730,0.880030,0.880330,0
20140303 024742200,0.880040,0.880340,0
20140303 024747357,0.880050,0.880350,0
20140303 024748730,0.880060,0.880360,0
20140303 024749433,0.880120,0.880420,0
20140303 024749777,0.880170,0.880470,0
20140303 024750810,0.880160,0.880460,0
20140303 024751137,0.880150,0.880450,0
20140303 024751827,0.880140,0.880440,0
20140303 024756293,0.880170,0.880470,0
20140303 024758717,0.880140,0.880440,0
20140303 024800777,0.880150,0.880450,0
