20140304 000000377,0.883730,0.884030,0
20140304 000000737,0.883720,0.884020,0
20140304 000003830,0.883710,0.884010,0
20140304 000009687,0.883720,0.884020,0
20140304 000010017,0.883730,0.884030,0
20140304 000011390,0.883720,0.884020,0
20140304 000013797,0.883730,0.884030,0
20140304 000014487,0.883720,0.884020,0
20140304 000015517,0.883700,0.884000,0
20140304 000022390,0.883690,0.883990,0
20140304 000034437,0.883700,0.884000,0
20140304 000034750,0.883690,0.883990,0
20140304 000044033,0.883700,0.884000,0
20140304 000117390,0.883720,0.884020,0
20140304 000132157,0.883750,0.884050,0
20140304 000132517,0.883770,0.884070,0
20140304 000138347,0.883760,0.884060,0
20140304 000138687,0.883770,0.884070,0
20140304 000149000,0.883760,0.884060,0
20140304 000200347,0.883770,0.884070,0
20140304 000204127,0.883780,0.884080,0
20140304 000211000,0.883760,0.884060,0
20140304 000213063,0.883750,0.884050,0
20140304 000220627,0.883760,0.884060,0
20140304 000224750,0.883750,0.884050,0
20140304 000233687,0.883760,0.884060,0
20140304 000243657,0.883750,0.884050,0
20140304 000247097,0.883760,0.884060,0
20140304 000255347,0.883750,0.884050,0
20140304 000255687,0.883730,0.884030,0
20140304 000256033,0.883720,0.884020,0
20140304 000302237,0.883730,0.884030,0
20140304 000310127,0.883720,0.884020,0
20140304 000310830,0.883710,0.884010,0
20140304 000319063,0.883720,0.884020,0
20140304 000319423,0.883740,0.884040,0
20140304 000353470,0.883700,0.884000,0
20140304 000353797,0.883680,0.883980,0
20140304 000354140,0.883690,0.883990,0
20140304 000404470,0.883710,0.884010,0
20140304 000404797,0.883740,0.884040,0
20140304 000406173,0.883730,0.884030,0
20140304 000414767,0.883740,0.884040,0
20140304 000419580,0.883730,0.884030,0
20140304 000447767,0.883710,0.884010,0
20140304 000448453,0.883700,0.884000,0
20140304 000504610,0.883710,0.884010,0
20140304 000505297,0.883750,0.884050,0
20140304 000511127,0.883740,0.884040,0
20140304 000518017,0.883730,0.884030,0
20140304 000518360,0.883720,0.884020,0
20140304 000518687,0.883730,0.884030,0
20140304 000519047,0.883710,0.884010,0
20140304 000519737,0.883700,0.884000,0
20140304 000520750,0.883710,0.884010,0
20140304 000522487,0.883720,0.884020,0
20140304 000522830,0.883730,0.884030,0
20140304 000523157,0.883740,0.884040,0
20140304 000523517,0.883730,0.884030,0
20140304 000529687,0.883740,0.884040,0
20140304 000601673,0.883720,0.884020,0
20140304 000602017,0.883710,0.884010,0
20140304 000602360,0.883700,0.884000,0
20140304 000602687,0.883710,0.884010,0
20140304 000606487,0.883730,0.884030,0
20140304 000606813,0.883740,0.884040,0
20140304 000629847,0.883730,0.884030,0
20140304 000640860,0.883740,0.884040,0
20140304 000715237,0.883730,0.884030,0
20140304 000717297,0.883740,0.884040,0
20140304 000717640,0.883730,0.884030,0
20140304 000718330,0.883740,0.884040,0
20140304 000718673,0.883710,0.884010,0
20140304 000743423,0.883720,0.884020,0
20140304 000743783,0.883740,0.884040,0
20140304 000744470,0.883750,0.884050,0
20140304 000751657,0.883760,0.884060,0
20140304 000752703,0.883740,0.884040,0
20140304 000753047,0.883750,0.884050,0
20140304 000754767,0.883740,0.884040,0
20140304 000756140,0.883790,0.884090,0
20140304 000756487,0.883810,0.884110,0
20140304 000756830,0.883800,0.884100,0
20140304 000803033,0.883810,0.884110,0
20140304 000803360,0.883840,0.884140,0
20140304 000803703,0.883830,0.884130,0
20140304 000815390,0.883810,0.884110,0
20140304 000841860,0.883800,0.884100,0
20140304 000844267,0.883810,0.884110,0
20140304 000844610,0.883800,0.884100,0
20140304 000853203,0.883810,0.884110,0
20140304 000856640,0.883800,0.884100,0
20140304 000857330,0.883810,0.884110,0
20140304 000858360,0.883800,0.884100,0
20140304 000916220,0.883810,0.884110,0
20140304 000916563,0.883800,0.884100,0
20140304 000921720,0.883810,0.884110,0
20140304 000922063,0.883800,0.884100,0
20140304 000924127,0.883810,0.884110,0
20140304 000924470,0.883790,0.884090,0
20140304 000924813,0.883800,0.884100,0
20140304 000925157,0.883810,0.884110,0
20140304 000925500,0.883800,0.884100,0
20140304 000925847,0.883790,0.884090,0
20140304 000948877,0.883780,0.884080,0
20140304 000950597,0.883790,0.884090,0
20140304 001000907,0.883800,0.884100,0
20140304 001001250,0.883810,0.884110,0
20140304 001001597,0.883800,0.884100,0
20140304 001009500,0.883780,0.884080,0
20140304 001035627,0.883790,0.884090,0
20140304 001052470,0.883780,0.884080,0
20140304 001135097,0.883770,0.884070,0
20140304 001135453,0.883760,0.884060,0
20140304 001153330,0.883750,0.884050,0
20140304 001235267,0.883760,0.884060,0
20140304 001253830,0.883770,0.884070,0
20140304 001254173,0.883760,0.884060,0
20140304 001309297,0.883730,0.884030,0
20140304 001309640,0.883720,0.884020,0
20140304 001311000,0.883740,0.884040,0
20140304 001317203,0.883750,0.884050,0
20140304 001318923,0.883760,0.884060,0
20140304 001319937,0.883750,0.884050,0
20140304 001323390,0.883770,0.884070,0
20140304 001352953,0.883760,0.884060,0
20140304 001400860,0.883770,0.884070,0
20140304 001411517,0.883780,0.884080,0
20140304 001411860,0.883770,0.884070,0
20140304 001412203,0.883780,0.884080,0
20140304 001425610,0.883760,0.884060,0
20140304 001446220,0.883770,0.884070,0
20140304 001501360,0.883760,0.884060,0
20140304 001505127,0.883750,0.884050,0
20140304 001505830,0.883760,0.884060,0
20140304 001526097,0.883770,0.884070,0
20140304 001610127,0.883780,0.884080,0
20140304 001613890,0.883800,0.884100,0
20140304 001614237,0.883810,0.884110,0
20140304 001623517,0.883820,0.884120,0
20140304 001644127,0.883810,0.884110,0
20140304 001646203,0.883800,0.884100,0
20140304 001646547,0.883810,0.884110,0
20140304 001647580,0.883790,0.884090,0
20140304 001648610,0.883780,0.884080,0
20140304 001726750,0.883790,0.884090,0
20140304 001734657,0.883780,0.884080,0
20140304 001757360,0.883790,0.884090,0
20140304 001758033,0.883780,0.884080,0
20140304 001758377,0.883790,0.884090,0
20140304 001821750,0.883780,0.884080,0
20140304 001827610,0.883770,0.884070,0
20140304 001839987,0.883760,0.884060,0
20140304 001850297,0.883770,0.884070,0
20140304 001858203,0.883760,0.884060,0
20140304 001859923,0.883750,0.884050,0
20140304 001908517,0.883770,0.884070,0
20140304 001918487,0.883760,0.884060,0
20140304 001948737,0.883750,0.884050,0
20140304 001949080,0.883760,0.884060,0
20140304 001953203,0.883750,0.884050,0
20140304 001953547,0.883760,0.884060,0
20140304 002036173,0.883750,0.884050,0
20140304 002036517,0.883760,0.884060,0
20140304 002037203,0.883750,0.884050,0
20140304 002039953,0.883760,0.884060,0
20140304 002044063,0.883770,0.884070,0
20140304 002050267,0.883760,0.884060,0
20140304 002057140,0.883740,0.884040,0
20140304 002057487,0.883750,0.884050,0
20140304 002057830,0.883760,0.884060,0
20140304 002058173,0.883750,0.884050,0
20140304 002101937,0.883760,0.884060,0
20140304 002120157,0.883750,0.884050,0
20140304 002120517,0.883760,0.884060,0
20140304 002127390,0.883750,0.884050,0
20140304 002127720,0.883770,0.884070,0
20140304 002139750,0.883760,0.884060,0
20140304 002140110,0.883770,0.884070,0
20140304 002241987,0.883750,0.884050,0
20140304 002246110,0.883760,0.884060,0
20140304 002251283,0.883730,0.884030,0
20140304 002252283,0.883720,0.884020,0
20140304 002312237,0.883710,0.884010,0
20140304 002313953,0.883720,0.884020,0
20140304 002343500,0.883680,0.883980,0
20140304 002406890,0.883650,0.883950,0
20140304 002407237,0.883660,0.883960,0
20140304 002407580,0.883650,0.883950,0
20140304 002409627,0.883660,0.883960,0
20140304 002410657,0.883650,0.883950,0
20140304 002411360,0.883660,0.883960,0
20140304 002413080,0.883680,0.883980,0
20140304 002415487,0.883670,0.883970,0
20140304 002433017,0.883680,0.883980,0
20140304 002522517,0.883690,0.883990,0
20140304 002535237,0.883680,0.883980,0
20140304 002539033,0.883670,0.883970,0
20140304 002539347,0.883650,0.883950,0
20140304 002541767,0.883660,0.883960,0
20140304 002543157,0.883630,0.883930,0
20140304 002547267,0.883640,0.883940,0
20140304 002555860,0.883610,0.883910,0
20140304 002556203,0.883600,0.883900,0
20140304 002604110,0.883610,0.883910,0
20140304 002609953,0.883580,0.883880,0
20140304 002613390,0.883560,0.883860,0
20140304 002616127,0.883570,0.883870,0
20140304 002619220,0.883560,0.883860,0
20140304 002620250,0.883580,0.883880,0
20140304 002622313,0.883570,0.883870,0
20140304 002626097,0.883580,0.883880,0
20140304 002631597,0.883570,0.883870,0
20140304 002631937,0.883580,0.883880,0
20140304 002632297,0.883570,0.883870,0
20140304 002634000,0.883580,0.883880,0
20140304 002634347,0.883570,0.883870,0
20140304 002654970,0.883580,0.883880,0
20140304 002655313,0.883600,0.883900,0
20140304 002655657,0.883620,0.883920,0
20140304 002701847,0.883630,0.883930,0
20140304 002703220,0.883620,0.883920,0
20140304 002704250,0.883630,0.883930,0
20140304 002705283,0.883620,0.883920,0
20140304 002705970,0.883630,0.883930,0
20140304 002708033,0.883620,0.883920,0
20140304 002713877,0.883610,0.883910,0
20140304 002720063,0.883600,0.883900,0
20140304 002722127,0.883590,0.883890,0
20140304 002722470,0.883570,0.883870,0
20140304 002723847,0.883560,0.883860,0
20140304 002725907,0.883580,0.883880,0
20140304 002726250,0.883600,0.883900,0
20140304 002731063,0.883610,0.883910,0
20140304 002735877,0.883600,0.883900,0
20140304 002736563,0.883610,0.883910,0
20140304 002742423,0.883620,0.883920,0
20140304 002743453,0.883630,0.883930,0
20140304 002743783,0.883620,0.883920,0
20140304 002744470,0.883630,0.883930,0
20140304 002745517,0.883640,0.883940,0
20140304 002745860,0.883650,0.883950,0
20140304 002749640,0.883630,0.883930,0
20140304 002754097,0.883650,0.883950,0
20140304 002758580,0.883660,0.883960,0
20140304 002805097,0.883640,0.883940,0
20140304 002808547,0.883650,0.883950,0
20140304 002808890,0.883640,0.883940,0
20140304 002809220,0.883650,0.883950,0
20140304 002809923,0.883640,0.883940,0
20140304 002812330,0.883610,0.883910,0
20140304 002817127,0.883630,0.883930,0
20140304 002820907,0.883610,0.883910,0
20140304 002822970,0.883630,0.883930,0
20140304 002826063,0.883620,0.883920,0
20140304 002835687,0.883630,0.883930,0
20140304 002836033,0.883620,0.883920,0
20140304 002836377,0.883630,0.883930,0
20140304 002838110,0.883620,0.883920,0
20140304 002839127,0.883610,0.883910,0
20140304 002842237,0.883640,0.883940,0
20140304 002842580,0.883650,0.883950,0
20140304 002842923,0.883660,0.883960,0
20140304 002845330,0.883640,0.883940,0
20140304 002845657,0.883650,0.883950,0
20140304 002846017,0.883640,0.883940,0
20140304 002846360,0.883610,0.883910,0
20140304 002846703,0.883600,0.883900,0
20140304 002901813,0.883580,0.883880,0
20140304 002910063,0.883590,0.883890,0
20140304 002916610,0.883570,0.883870,0
20140304 002918330,0.883560,0.883860,0
20140304 002918673,0.883540,0.883840,0
20140304 002919347,0.883570,0.883870,0
20140304 002919703,0.883580,0.883880,0
20140304 002920047,0.883590,0.883890,0
20140304 002938953,0.883600,0.883900,0
20140304 003100080,0.883590,0.883890,0
20140304 003101110,0.883570,0.883870,0
20140304 003107627,0.883580,0.883880,0
20140304 003107987,0.883570,0.883870,0
20140304 003108313,0.883580,0.883880,0
20140304 003109000,0.883570,0.883870,0
20140304 003109360,0.883580,0.883880,0
20140304 003116580,0.883590,0.883890,0
20140304 003132737,0.883610,0.883910,0
20140304 003139610,0.883600,0.883900,0
20140304 003139953,0.883590,0.883890,0
20140304 003231173,0.883600,0.883900,0
20140304 003242173,0.883590,0.883890,0
20140304 003246283,0.883610,0.883910,0
20140304 003307267,0.883620,0.883920,0
20140304 003325140,0.883630,0.883930,0
20140304 003328580,0.883620,0.883920,0
20140304 003343017,0.883610,0.883910,0
20140304 003349547,0.883620,0.883920,0
20140304 003401923,0.883630,0.883930,0
20140304 003402267,0.883600,0.883900,0
20140304 003415673,0.883620,0.883920,0
20140304 003434237,0.883600,0.883900,0
20140304 003504140,0.883610,0.883910,0
20140304 003524080,0.883600,0.883900,0
20140304 003525453,0.883590,0.883890,0
20140304 003526140,0.883600,0.883900,0
20140304 003535750,0.883590,0.883890,0
20140304 003548830,0.883580,0.883880,0
20140304 003551237,0.883590,0.883890,0
20140304 003622157,0.883580,0.883880,0
20140304 003645187,0.883570,0.883870,0
20140304 003645533,0.883580,0.883880,0
20140304 003647597,0.883570,0.883870,0
20140304 003647937,0.883580,0.883880,0
20140304 003648283,0.883570,0.883870,0
20140304 003709937,0.883580,0.883880,0
20140304 003710297,0.883570,0.883870,0
20140304 003711673,0.883590,0.883890,0
20140304 003712017,0.883600,0.883900,0
20140304 003729547,0.883610,0.883910,0
20140304 003741237,0.883590,0.883890,0
20140304 003745017,0.883580,0.883880,0
20140304 003745687,0.883590,0.883890,0
20140304 003749127,0.883600,0.883900,0
20140304 003752220,0.883610,0.883910,0
20140304 003755330,0.883590,0.883890,0
20140304 003755657,0.883580,0.883880,0
20140304 003803923,0.883590,0.883890,0
20140304 003805640,0.883600,0.883900,0
20140304 003807347,0.883620,0.883920,0
20140304 003814237,0.883610,0.883910,0
20140304 003814563,0.883620,0.883920,0
20140304 003815953,0.883610,0.883910,0
20140304 003819390,0.883620,0.883920,0
20140304 003821783,0.883610,0.883910,0
20140304 003832097,0.883590,0.883890,0
20140304 003851360,0.883600,0.883900,0
20140304 003858923,0.883590,0.883890,0
20140304 003905453,0.883600,0.883900,0
20140304 003905797,0.883590,0.883890,0
20140304 004007673,0.883570,0.883870,0
20140304 004008017,0.883580,0.883880,0
20140304 004009047,0.883590,0.883890,0
20140304 004030000,0.883580,0.883880,0
20140304 004036890,0.883570,0.883870,0
20140304 004050283,0.883560,0.883860,0
20140304 004114687,0.883570,0.883870,0
20140304 004135313,0.883580,0.883880,0
20140304 004144250,0.883590,0.883890,0
20140304 004218283,0.883600,0.883900,0
20140304 004229470,0.883620,0.883920,0
20140304 004253687,0.883600,0.883900,0
20140304 004256437,0.883610,0.883910,0
20140304 004310533,0.883620,0.883920,0
20140304 004341127,0.883610,0.883910,0
20140304 004343187,0.883620,0.883920,0
20140304 004351097,0.883630,0.883930,0
20140304 004411720,0.883620,0.883920,0
20140304 004412750,0.883630,0.883930,0
20140304 004413097,0.883620,0.883920,0
20140304 004413437,0.883640,0.883940,0
20140304 004428220,0.883670,0.883970,0
20140304 004500890,0.883680,0.883980,0
20140304 004506047,0.883710,0.884010,0
20140304 004506737,0.883730,0.884030,0
20140304 004507423,0.883710,0.884010,0
20140304 004527347,0.883720,0.884020,0
20140304 004531487,0.883750,0.884050,0
20140304 004535610,0.883740,0.884040,0
20140304 004537313,0.883750,0.884050,0
20140304 004537673,0.883760,0.884060,0
20140304 004542830,0.883770,0.884070,0
20140304 004553140,0.883760,0.884060,0
20140304 004553487,0.883770,0.884070,0
20140304 004554173,0.883760,0.884060,0
20140304 004554517,0.883750,0.884050,0
20140304 004556237,0.883740,0.884040,0
20140304 004556563,0.883720,0.884020,0
20140304 004605860,0.883710,0.884010,0
20140304 004651220,0.883720,0.884020,0
20140304 004705330,0.883730,0.884030,0
20140304 004800673,0.883710,0.884010,0
20140304 004802033,0.883690,0.883990,0
20140304 004802390,0.883700,0.884000,0
20140304 004808937,0.883720,0.884020,0
20140304 004809610,0.883710,0.884010,0
20140304 004809953,0.883720,0.884020,0
20140304 004810297,0.883710,0.884010,0
20140304 004810640,0.883720,0.884020,0
20140304 004810987,0.883710,0.884010,0
20140304 004825063,0.883700,0.884000,0
20140304 004846390,0.883710,0.884010,0
20140304 004901157,0.883700,0.884000,0
20140304 004905297,0.883710,0.884010,0
20140304 004933487,0.883720,0.884020,0
20140304 004954097,0.883700,0.884000,0
20140304 004954453,0.883690,0.883990,0
20140304 004956500,0.883670,0.883970,0
20140304 005010610,0.883660,0.883960,0
20140304 005039470,0.883670,0.883970,0
20140304 005044640,0.883660,0.883960,0
20140304 005054267,0.883670,0.883970,0
20140304 005103220,0.883760,0.884060,0
20140304 005103563,0.883790,0.884090,0
20140304 005110080,0.883800,0.884100,0
20140304 005111110,0.883790,0.884090,0
20140304 005112487,0.883800,0.884100,0
20140304 005113173,0.883790,0.884090,0
20140304 005113860,0.883800,0.884100,0
20140304 005114877,0.883790,0.884090,0
20140304 005115237,0.883800,0.884100,0
20140304 005118330,0.883790,0.884090,0
20140304 005126923,0.883770,0.884070,0
20140304 005144797,0.883750,0.884050,0
20140304 005145140,0.883740,0.884040,0
20140304 005228110,0.883750,0.884050,0
20140304 005231203,0.883760,0.884060,0
20140304 005231547,0.883770,0.884070,0
20140304 005240470,0.883750,0.884050,0
20140304 005240830,0.883740,0.884040,0
20140304 005311080,0.883730,0.884030,0
20140304 005311423,0.883720,0.884020,0
20140304 005331360,0.883710,0.884010,0
20140304 005335813,0.883700,0.884000,0
20140304 005340970,0.883710,0.884010,0
20140304 005347173,0.883700,0.884000,0
20140304 005348187,0.883710,0.884010,0
20140304 005348877,0.883700,0.884000,0
20140304 005354377,0.883710,0.884010,0
20140304 005354737,0.883700,0.884000,0
20140304 005402297,0.883710,0.884010,0
20140304 005402640,0.883700,0.884000,0
20140304 005404360,0.883710,0.884010,0
20140304 005406423,0.883700,0.884000,0
20140304 005411563,0.883710,0.884010,0
20140304 005412267,0.883700,0.884000,0
20140304 005412610,0.883710,0.884010,0
20140304 005414330,0.883700,0.884000,0
20140304 005425673,0.883710,0.884010,0
20140304 005429453,0.883730,0.884030,0
20140304 005443203,0.883700,0.884000,0
20140304 005517923,0.883690,0.883990,0
20140304 005519297,0.883680,0.883980,0
20140304 005525830,0.883670,0.883970,0
20140304 005619783,0.883660,0.883960,0
20140304 005622187,0.883670,0.883970,0
20140304 005703097,0.883660,0.883960,0
20140304 005724080,0.883670,0.883970,0
20140304 005745047,0.883660,0.883960,0
20140304 005806017,0.883670,0.883970,0
20140304 005807377,0.883680,0.883980,0
20140304 005808080,0.883690,0.883990,0
20140304 005856203,0.883680,0.883980,0
20140304 005856890,0.883670,0.883970,0
20140304 005857237,0.883680,0.883980,0
20140304 005907547,0.883660,0.883960,0
20140304 005910987,0.883680,0.883980,0
20140304 005923017,0.883670,0.883970,0
20140304 005924033,0.883680,0.883980,0
20140304 005931610,0.883670,0.883970,0
20140304 005931953,0.883680,0.883980,0
20140304 010000470,0.883670,0.883970,0
20140304 010000830,0.883680,0.883980,0
20140304 010010453,0.883690,0.883990,0
20140304 010010797,0.883680,0.883980,0
20140304 010015610,0.883690,0.883990,0
20140304 010023517,0.883680,0.883980,0
20140304 010027297,0.883690,0.883990,0
20140304 010028657,0.883680,0.883980,0
20140304 010029017,0.883650,0.883950,0
20140304 010031767,0.883640,0.883940,0
20140304 010038627,0.883650,0.883950,0
20140304 010109923,0.883660,0.883960,0
20140304 010110250,0.883670,0.883970,0
20140304 010121250,0.883680,0.883980,0
20140304 010121610,0.883670,0.883970,0
20140304 010127097,0.883680,0.883980,0
20140304 010127453,0.883670,0.883970,0
20140304 010130203,0.883680,0.883980,0
20140304 010137080,0.883670,0.883970,0
20140304 010138797,0.883680,0.883980,0
20140304 010140173,0.883670,0.883970,0
20140304 010140517,0.883680,0.883980,0
20140304 010141547,0.883670,0.883970,0
20140304 010144640,0.883680,0.883980,0
20140304 010205267,0.883690,0.883990,0
20140304 010219703,0.883680,0.883980,0
20140304 010221080,0.883700,0.884000,0
20140304 010221407,0.883730,0.884030,0
20140304 010221767,0.883740,0.884040,0
20140304 010239987,0.883750,0.884050,0
20140304 010302000,0.883730,0.884030,0
20140304 010307487,0.883700,0.884000,0
20140304 010308860,0.883680,0.883980,0
20140304 010313673,0.883690,0.883990,0
20140304 010320547,0.883680,0.883980,0
20140304 010326390,0.883690,0.883990,0
20140304 010328470,0.883710,0.884010,0
20140304 010337047,0.883700,0.884000,0
20140304 010340847,0.883730,0.884030,0
20140304 010341517,0.883750,0.884050,0
20140304 010343220,0.883740,0.884040,0
20140304 010345313,0.883720,0.884020,0
20140304 010345657,0.883700,0.884000,0
20140304 010346657,0.883690,0.883990,0
20140304 010347703,0.883680,0.883980,0
20140304 010348407,0.883670,0.883970,0
20140304 010348750,0.883650,0.883950,0
20140304 010349423,0.883660,0.883960,0
20140304 010349767,0.883650,0.883950,0
20140304 010350813,0.883640,0.883940,0
20140304 010351500,0.883610,0.883910,0
20140304 010352187,0.883590,0.883890,0
20140304 010352517,0.883600,0.883900,0
20140304 010355267,0.883610,0.883910,0
20140304 010358377,0.883630,0.883930,0
20140304 010358703,0.883650,0.883950,0
20140304 010359047,0.883680,0.883980,0
20140304 010359377,0.883670,0.883970,0
20140304 010401097,0.883680,0.883980,0
20140304 010401813,0.883660,0.883960,0
20140304 010402140,0.883640,0.883940,0
20140304 010402500,0.883670,0.883970,0
20140304 010402830,0.883680,0.883980,0
20140304 010403187,0.883690,0.883990,0
20140304 010403500,0.883710,0.884010,0
20140304 010406937,0.883720,0.884020,0
20140304 010407283,0.883730,0.884030,0
20140304 010407627,0.883720,0.884020,0
20140304 010407987,0.883700,0.884000,0
20140304 010410047,0.883690,0.883990,0
20140304 010410737,0.883620,0.883920,0
20140304 010411080,0.883590,0.883890,0
20140304 010411423,0.883620,0.883920,0
20140304 010411783,0.883580,0.883880,0
20140304 010412110,0.883540,0.883840,0
20140304 010412797,0.883560,0.883860,0
20140304 010413470,0.883520,0.883820,0
20140304 010413830,0.883510,0.883810,0
20140304 010414173,0.883520,0.883820,0
20140304 010415877,0.883530,0.883830,0
20140304 010416237,0.883540,0.883840,0
20140304 010416580,0.883530,0.883830,0
20140304 010417267,0.883510,0.883810,0
20140304 010417597,0.883520,0.883820,0
20140304 010417970,0.883530,0.883830,0
20140304 010420017,0.883540,0.883840,0
20140304 010420687,0.883530,0.883830,0
20140304 010421390,0.883540,0.883840,0
20140304 010421737,0.883570,0.883870,0
20140304 010422407,0.883560,0.883860,0
20140304 010423437,0.883550,0.883850,0
20140304 010424140,0.883560,0.883860,0
20140304 010424847,0.883540,0.883840,0
20140304 010425187,0.883550,0.883850,0
20140304 010425877,0.883540,0.883840,0
20140304 010426563,0.883530,0.883830,0
20140304 010427580,0.883520,0.883820,0
20140304 010427937,0.883500,0.883800,0
20140304 010428267,0.883510,0.883810,0
20140304 010428970,0.883470,0.883770,0
20140304 010429313,0.883440,0.883740,0
20140304 010429640,0.883410,0.883710,0
20140304 010430330,0.883420,0.883720,0
20140304 010430673,0.883410,0.883710,0
20140304 010431017,0.883420,0.883720,0
20140304 010431703,0.883430,0.883730,0
20140304 010432047,0.883450,0.883750,0
20140304 010434110,0.883430,0.883730,0
20140304 010434453,0.883380,0.883680,0
20140304 010435140,0.883370,0.883670,0
20140304 010435487,0.883300,0.883600,0
20140304 010435830,0.883310,0.883610,0
20140304 010436173,0.883300,0.883600,0
20140304 010436517,0.883310,0.883610,0
20140304 010436860,0.883300,0.883600,0
20140304 010437203,0.883350,0.883650,0
20140304 010437547,0.883360,0.883660,0
20140304 010437890,0.883340,0.883640,0
20140304 010438237,0.883290,0.883590,0
20140304 010438580,0.883280,0.883580,0
20140304 010439267,0.883270,0.883570,0
20140304 010439453,0.883250,0.883550,0
20140304 010439610,0.883260,0.883560,0
20140304 010439953,0.883290,0.883590,0
20140304 010440297,0.883270,0.883570,0
20140304 010440640,0.883260,0.883560,0
20140304 010441673,0.883250,0.883550,0
20140304 010442017,0.883270,0.883570,0
20140304 010442377,0.883260,0.883560,0
20140304 010445453,0.883270,0.883570,0
20140304 010446470,0.883250,0.883550,0
20140304 010446813,0.883240,0.883540,0
20140304 010448547,0.883260,0.883560,0
20140304 010450597,0.883240,0.883540,0
20140304 010451313,0.883230,0.883530,0
20140304 010452000,0.883200,0.883500,0
20140304 010453017,0.883170,0.883470,0
20140304 010453377,0.883180,0.883480,0
20140304 010453720,0.883170,0.883470,0
20140304 010454390,0.883160,0.883460,0
20140304 010454737,0.883150,0.883450,0
20140304 010455080,0.883110,0.883410,0
20140304 010455423,0.883090,0.883390,0
20140304 010456470,0.883100,0.883400,0
20140304 010456813,0.883120,0.883420,0
20140304 010457140,0.883130,0.883430,0
20140304 010457487,0.883110,0.883410,0
20140304 010457830,0.883090,0.883390,0
20140304 010458533,0.883080,0.883380,0
20140304 010501283,0.883070,0.883370,0
20140304 010501627,0.883060,0.883360,0
20140304 010502657,0.883070,0.883370,0
20140304 010503017,0.883000,0.883300,0
20140304 010503330,0.882890,0.883190,0
20140304 010503687,0.882920,0.883220,0
20140304 010504360,0.882960,0.883260,0
20140304 010504720,0.882980,0.883280,0
20140304 010505047,0.883010,0.883310,0
20140304 010505407,0.883030,0.883330,0
20140304 010505750,0.883050,0.883350,0
20140304 010506080,0.883060,0.883360,0
20140304 010506423,0.883070,0.883370,0
20140304 010506767,0.883060,0.883360,0
20140304 010507110,0.883050,0.883350,0
20140304 010507453,0.883100,0.883400,0
20140304 010507797,0.883230,0.883530,0
20140304 010508140,0.883250,0.883550,0
20140304 010508487,0.883240,0.883540,0
20140304 010509173,0.883270,0.883570,0
20140304 010509517,0.883290,0.883590,0
20140304 010509847,0.883310,0.883610,0
20140304 010511220,0.883350,0.883650,0
20140304 010511580,0.883380,0.883680,0
20140304 010511923,0.883390,0.883690,0
20140304 010512610,0.883360,0.883660,0
20140304 010512937,0.883370,0.883670,0
20140304 010515377,0.883340,0.883640,0
20140304 010515720,0.883330,0.883630,0
20140304 010516047,0.883350,0.883650,0
20140304 010518470,0.883360,0.883660,0
20140304 010518783,0.883370,0.883670,0
20140304 010521907,0.883380,0.883680,0
20140304 010522220,0.883370,0.883670,0
20140304 010524640,0.883350,0.883650,0
20140304 010525000,0.883330,0.883630,0
20140304 010525347,0.883320,0.883620,0
20140304 010526377,0.883310,0.883610,0
20140304 010526720,0.883290,0.883590,0
20140304 010527063,0.883310,0.883610,0
20140304 010527750,0.883300,0.883600,0
20140304 010528407,0.883290,0.883590,0
20140304 010528767,0.883280,0.883580,0
20140304 010530860,0.883300,0.883600,0
20140304 010531173,0.883320,0.883620,0
20140304 010537000,0.883330,0.883630,0
20140304 010537360,0.883340,0.883640,0
20140304 010537703,0.883380,0.883680,0
20140304 010538033,0.883390,0.883690,0
20140304 010538737,0.883370,0.883670,0
20140304 010539750,0.883380,0.883680,0
20140304 010540437,0.883370,0.883670,0
20140304 010540813,0.883380,0.883680,0
20140304 010541140,0.883400,0.883700,0
20140304 010541487,0.883430,0.883730,0
20140304 010541847,0.883420,0.883720,0
20140304 010544580,0.883430,0.883730,0
20140304 010545267,0.883440,0.883740,0
20140304 010545610,0.883410,0.883710,0
20140304 010545953,0.883380,0.883680,0
20140304 010546297,0.883360,0.883660,0
20140304 010546640,0.883350,0.883650,0
20140304 010546987,0.883320,0.883620,0
20140304 010547313,0.883310,0.883610,0
20140304 010550080,0.883320,0.883620,0
20140304 010550423,0.883360,0.883660,0
20140304 010550783,0.883390,0.883690,0
20140304 010551127,0.883370,0.883670,0
20140304 010551470,0.883360,0.883660,0
20140304 010552140,0.883370,0.883670,0
20140304 010552500,0.883330,0.883630,0
20140304 010552830,0.883300,0.883600,0
20140304 010553517,0.883320,0.883620,0
20140304 010553877,0.883360,0.883660,0
20140304 010554203,0.883400,0.883700,0
20140304 010554563,0.883380,0.883680,0
20140304 010554907,0.883370,0.883670,0
20140304 010555250,0.883380,0.883680,0
20140304 010555937,0.883360,0.883660,0
20140304 010556627,0.883350,0.883650,0
20140304 010557313,0.883370,0.883670,0
20140304 010559377,0.883360,0.883660,0
20140304 010559703,0.883370,0.883670,0
20140304 010600063,0.883360,0.883660,0
20140304 010601423,0.883350,0.883650,0
20140304 010603847,0.883280,0.883580,0
20140304 010604187,0.883260,0.883560,0
20140304 010604517,0.883270,0.883570,0
20140304 010605547,0.883260,0.883560,0
20140304 010605907,0.883240,0.883540,0
20140304 010606580,0.883260,0.883560,0
20140304 010607283,0.883270,0.883570,0
20140304 010607627,0.883260,0.883560,0
20140304 010607953,0.883270,0.883570,0
20140304 010608657,0.883300,0.883600,0
20140304 010609000,0.883340,0.883640,0
20140304 010609673,0.883350,0.883650,0
20140304 010610703,0.883360,0.883660,0
20140304 010611390,0.883350,0.883650,0
20140304 010611737,0.883360,0.883660,0
20140304 010612080,0.883390,0.883690,0
20140304 010612767,0.883410,0.883710,0
20140304 010613110,0.883390,0.883690,0
20140304 010613453,0.883360,0.883660,0
20140304 010614813,0.883350,0.883650,0
20140304 010615173,0.883410,0.883710,0
20140304 010615547,0.883450,0.883750,0
20140304 010615877,0.883510,0.883810,0
20140304 010616220,0.883540,0.883840,0
20140304 010617250,0.883550,0.883850,0
20140304 010617597,0.883540,0.883840,0
20140304 010617923,0.883550,0.883850,0
20140304 010618953,0.883530,0.883830,0
20140304 010619330,0.883590,0.883890,0
20140304 010619640,0.883620,0.883920,0
20140304 010620673,0.883630,0.883930,0
20140304 010621377,0.883650,0.883950,0
20140304 010621703,0.883660,0.883960,0
20140304 010622063,0.883620,0.883920,0
20140304 010622407,0.883590,0.883890,0
20140304 010623097,0.883570,0.883870,0
20140304 010624110,0.883560,0.883860,0
20140304 010625140,0.883550,0.883850,0
20140304 010625470,0.883560,0.883860,0
20140304 010626533,0.883570,0.883870,0
20140304 010627220,0.883530,0.883830,0
20140304 010627890,0.883520,0.883820,0
20140304 010628580,0.883510,0.883810,0
20140304 010628937,0.883480,0.883780,0
20140304 010629283,0.883450,0.883750,0
20140304 010629627,0.883490,0.883790,0
20140304 010629970,0.883450,0.883750,0
20140304 010630313,0.883380,0.883680,0
20140304 010630657,0.883350,0.883650,0
20140304 010631000,0.883360,0.883660,0
20140304 010631347,0.883350,0.883650,0
20140304 010631673,0.883340,0.883640,0
20140304 010632703,0.883320,0.883620,0
20140304 010633063,0.883300,0.883600,0
20140304 010633737,0.883290,0.883590,0
20140304 010634097,0.883280,0.883580,0
20140304 010634453,0.883250,0.883550,0
20140304 010634783,0.883190,0.883490,0
20140304 010635470,0.883180,0.883480,0
20140304 010635813,0.883130,0.883430,0
20140304 010636157,0.883150,0.883450,0
20140304 010636500,0.883200,0.883500,0
20140304 010637877,0.883240,0.883540,0
20140304 010638220,0.883270,0.883570,0
20140304 010638563,0.883330,0.883630,0
20140304 010638907,0.883360,0.883660,0
20140304 010639237,0.883410,0.883710,0
20140304 010639597,0.883450,0.883750,0
20140304 010639937,0.883460,0.883760,0
20140304 010640627,0.883480,0.883780,0
20140304 010640953,0.883490,0.883790,0
20140304 010641640,0.883480,0.883780,0
20140304 010641987,0.883470,0.883770,0
20140304 010645080,0.883450,0.883750,0
20140304 010645423,0.883460,0.883760,0
20140304 010645767,0.883480,0.883780,0
20140304 010647487,0.883470,0.883770,0
20140304 010652297,0.883460,0.883760,0
20140304 010652970,0.883520,0.883820,0
20140304 010653313,0.883530,0.883830,0
20140304 010653657,0.883520,0.883820,0
20140304 010659173,0.883490,0.883790,0
20140304 010659470,0.883500,0.883800,0
20140304 010701220,0.883510,0.883810,0
20140304 010701580,0.883470,0.883770,0
20140304 010705017,0.883480,0.883780,0
20140304 010706390,0.883470,0.883770,0
20140304 010708127,0.883440,0.883740,0
20140304 010708453,0.883410,0.883710,0
20140304 010709127,0.883440,0.883740,0
20140304 010709813,0.883450,0.883750,0
20140304 010710517,0.883400,0.883700,0
20140304 010710847,0.883390,0.883690,0
20140304 010712597,0.883410,0.883710,0
20140304 010712937,0.883420,0.883720,0
20140304 010713283,0.883460,0.883760,0
20140304 010713610,0.883450,0.883750,0
20140304 010714297,0.883420,0.883720,0
20140304 010718423,0.883400,0.883700,0
20140304 010720157,0.883410,0.883710,0
20140304 010720500,0.883400,0.883700,0
20140304 010721860,0.883410,0.883710,0
20140304 010722187,0.883400,0.883700,0
20140304 010722533,0.883380,0.883680,0
20140304 010723250,0.883390,0.883690,0
20140304 010723597,0.883440,0.883740,0
20140304 010724267,0.883480,0.883780,0
20140304 010725987,0.883490,0.883790,0
20140304 010726347,0.883500,0.883800,0
20140304 010726703,0.883520,0.883820,0
20140304 010727033,0.883530,0.883830,0
20140304 010727360,0.883580,0.883880,0
20140304 010727720,0.883570,0.883870,0
20140304 010729437,0.883590,0.883890,0
20140304 010729767,0.883570,0.883870,0
20140304 010732173,0.883590,0.883890,0
20140304 010732517,0.883570,0.883870,0
20140304 010734937,0.883620,0.883920,0
20140304 010735283,0.883590,0.883890,0
20140304 010736987,0.883610,0.883910,0
20140304 010738347,0.883620,0.883920,0
20140304 010739047,0.883640,0.883940,0
20140304 010739407,0.883680,0.883980,0
20140304 010739750,0.883710,0.884010,0
20140304 010740097,0.883720,0.884020,0
20140304 010740437,0.883710,0.884010,0
20140304 010740750,0.883720,0.884020,0
20140304 010741110,0.883710,0.884010,0
20140304 010741453,0.883730,0.884030,0
20140304 010741813,0.883740,0.884040,0
20140304 010742140,0.883700,0.884000,0
20140304 010742487,0.883670,0.883970,0
20140304 010743157,0.883660,0.883960,0
20140304 010743517,0.883620,0.883920,0
20140304 010743860,0.883610,0.883910,0
20140304 010744547,0.883570,0.883870,0
20140304 010744877,0.883550,0.883850,0
20140304 010745937,0.883560,0.883860,0
20140304 010746610,0.883550,0.883850,0
20140304 010746970,0.883560,0.883860,0
20140304 010747313,0.883590,0.883890,0
20140304 010747640,0.883580,0.883880,0
20140304 010748347,0.883570,0.883870,0
20140304 010748687,0.883530,0.883830,0
20140304 010755203,0.883550,0.883850,0
20140304 010756237,0.883500,0.883800,0
20140304 010756597,0.883520,0.883820,0
20140304 010756923,0.883460,0.883760,0
20140304 010757283,0.883400,0.883700,0
20140304 010757627,0.883360,0.883660,0
20140304 010757953,0.883330,0.883630,0
20140304 010758640,0.883340,0.883640,0
20140304 010758987,0.883350,0.883650,0
20140304 010759330,0.883380,0.883680,0
20140304 010759657,0.883350,0.883650,0
20140304 010800017,0.883320,0.883620,0
20140304 010800720,0.883310,0.883610,0
20140304 010801390,0.883320,0.883620,0
20140304 010803110,0.883330,0.883630,0
20140304 010803453,0.883340,0.883640,0
20140304 010805877,0.883280,0.883580,0
20140304 010806203,0.883260,0.883560,0
20140304 010807580,0.883270,0.883570,0
20140304 010808267,0.883280,0.883580,0
20140304 010808627,0.883250,0.883550,0
20140304 010808937,0.883210,0.883510,0
20140304 010809313,0.883230,0.883530,0
20140304 010811017,0.883220,0.883520,0
20140304 010811377,0.883200,0.883500,0
20140304 010811720,0.883190,0.883490,0
20140304 010813080,0.883200,0.883500,0
20140304 010813437,0.883190,0.883490,0
20140304 010814110,0.883200,0.883500,0
20140304 010814783,0.883210,0.883510,0
20140304 010815127,0.883200,0.883500,0
20140304 010816173,0.883220,0.883520,0
20140304 010816517,0.883260,0.883560,0
20140304 010816860,0.883300,0.883600,0
20140304 010819610,0.883310,0.883610,0
20140304 010819953,0.883360,0.883660,0
20140304 010820297,0.883370,0.883670,0
20140304 010820640,0.883410,0.883710,0
20140304 010823407,0.883450,0.883750,0
20140304 010824080,0.883460,0.883760,0
20140304 010826173,0.883480,0.883780,0
20140304 010826500,0.883500,0.883800,0
20140304 010827173,0.883530,0.883830,0
20140304 010829220,0.883590,0.883890,0
20140304 010829597,0.883620,0.883920,0
20140304 010829937,0.883630,0.883930,0
20140304 010830283,0.883680,0.883980,0
20140304 010830597,0.883690,0.883990,0
20140304 010830953,0.883680,0.883980,0
20140304 010835097,0.883690,0.883990,0
20140304 010835437,0.883700,0.884000,0
20140304 010835767,0.883760,0.884060,0
20140304 010836110,0.883780,0.884080,0
20140304 010836453,0.883790,0.884090,0
20140304 010836783,0.883800,0.884100,0
20140304 010837157,0.883810,0.884110,0
20140304 010837813,0.883820,0.884120,0
20140304 010838517,0.883810,0.884110,0
20140304 010838877,0.883790,0.884090,0
20140304 010839563,0.883780,0.884080,0
20140304 010840580,0.883740,0.884040,0
20140304 010840923,0.883690,0.883990,0
20140304 010841267,0.883680,0.883980,0
20140304 010841610,0.883620,0.883920,0
20140304 010841953,0.883610,0.883910,0
20140304 010842657,0.883580,0.883880,0
20140304 010843000,0.883550,0.883850,0
20140304 010843347,0.883540,0.883840,0
20140304 010843673,0.883500,0.883800,0
20140304 010844017,0.883490,0.883790,0
20140304 010844377,0.883470,0.883770,0
20140304 010844703,0.883440,0.883740,0
20140304 010845063,0.883430,0.883730,0
20140304 010845390,0.883400,0.883700,0
20140304 010845750,0.883350,0.883650,0
20140304 010846080,0.883310,0.883610,0
20140304 010846423,0.883300,0.883600,0
20140304 010847110,0.883280,0.883580,0
20140304 010848813,0.883300,0.883600,0
20140304 010849173,0.883320,0.883620,0
20140304 010852610,0.883340,0.883640,0
20140304 010852953,0.883370,0.883670,0
20140304 010853297,0.883380,0.883680,0
20140304 010853640,0.883400,0.883700,0
20140304 010856390,0.883420,0.883720,0
20140304 010856737,0.883390,0.883690,0
20140304 010900187,0.883410,0.883710,0
20140304 010903970,0.883370,0.883670,0
20140304 010904297,0.883310,0.883610,0
20140304 010904640,0.883300,0.883600,0
20140304 010904987,0.883250,0.883550,0
20140304 010905330,0.883230,0.883530,0
20140304 010905673,0.883250,0.883550,0
20140304 010908750,0.883270,0.883570,0
20140304 010909110,0.883260,0.883560,0
20140304 010910830,0.883270,0.883570,0
20140304 010911517,0.883290,0.883590,0
20140304 010911860,0.883280,0.883580,0
20140304 010912547,0.883380,0.883680,0
20140304 010912907,0.883360,0.883660,0
20140304 010913237,0.883370,0.883670,0
20140304 010913580,0.883360,0.883660,0
20140304 010913923,0.883440,0.883740,0
20140304 010914610,0.883430,0.883730,0
20140304 010914953,0.883410,0.883710,0
20140304 010915297,0.883390,0.883690,0
20140304 010915970,0.883380,0.883680,0
20140304 010918390,0.883360,0.883660,0
20140304 010918737,0.883330,0.883630,0
20140304 010919080,0.883340,0.883640,0
20140304 010921487,0.883330,0.883630,0
20140304 010924923,0.883370,0.883670,0
20140304 010925267,0.883390,0.883690,0
20140304 010926987,0.883380,0.883680,0
20140304 010927313,0.883330,0.883630,0
20140304 010927657,0.883320,0.883620,0
20140304 010930407,0.883300,0.883600,0
20140304 010933187,0.883330,0.883630,0
20140304 010933517,0.883320,0.883620,0
20140304 010934533,0.883300,0.883600,0
20140304 010935923,0.883310,0.883610,0
20140304 010936267,0.883340,0.883640,0
20140304 010936597,0.883360,0.883660,0
20140304 010936937,0.883370,0.883670,0
20140304 010937627,0.883360,0.883660,0
20140304 010937970,0.883370,0.883670,0
20140304 010938313,0.883360,0.883660,0
20140304 010939377,0.883370,0.883670,0
20140304 010939703,0.883360,0.883660,0
20140304 010944860,0.883400,0.883700,0
20140304 010945203,0.883430,0.883730,0
20140304 010946220,0.883420,0.883720,0
20140304 010954830,0.883410,0.883710,0
20140304 010959627,0.883400,0.883700,0
20140304 011003423,0.883380,0.883680,0
20140304 011003783,0.883360,0.883660,0
20140304 011004127,0.883370,0.883670,0
20140304 011004470,0.883350,0.883650,0
20140304 011004813,0.883310,0.883610,0
20140304 011005157,0.883300,0.883600,0
20140304 011005500,0.883270,0.883570,0
20140304 011005847,0.883240,0.883540,0
20140304 011006187,0.883190,0.883490,0
20140304 011006533,0.883130,0.883430,0
20140304 011006860,0.883080,0.883380,0
20140304 011007220,0.883050,0.883350,0
20140304 011007563,0.883010,0.883310,0
20140304 011009610,0.883020,0.883320,0
20140304 011011000,0.883050,0.883350,0
20140304 011011347,0.883070,0.883370,0
20140304 011011673,0.883100,0.883400,0
20140304 011012033,0.883140,0.883440,0
20140304 011012377,0.883160,0.883460,0
20140304 011012703,0.883180,0.883480,0
20140304 011014783,0.883170,0.883470,0
20140304 011017173,0.883160,0.883460,0
20140304 011017877,0.883190,0.883490,0
20140304 011018907,0.883170,0.883470,0
20140304 011021640,0.883190,0.883490,0
20140304 011022347,0.883220,0.883520,0
20140304 011022673,0.883180,0.883480,0
20140304 011026127,0.883190,0.883490,0
20140304 011026470,0.883180,0.883480,0
20140304 011026797,0.883190,0.883490,0
20140304 011028173,0.883180,0.883480,0
20140304 011028517,0.883240,0.883540,0
20140304 011028860,0.883260,0.883560,0
20140304 011029203,0.883220,0.883520,0
20140304 011030597,0.883200,0.883500,0
20140304 011030937,0.883180,0.883480,0
20140304 011032297,0.883190,0.883490,0
20140304 011040547,0.883180,0.883480,0
20140304 011042937,0.883170,0.883470,0
20140304 011043640,0.883230,0.883530,0
20140304 011043970,0.883190,0.883490,0
20140304 011044313,0.883200,0.883500,0
20140304 011044657,0.883190,0.883490,0
20140304 011045017,0.883170,0.883470,0
20140304 011045347,0.883180,0.883480,0
20140304 011052580,0.883190,0.883490,0
20140304 011052907,0.883180,0.883480,0
20140304 011053250,0.883190,0.883490,0
20140304 011054283,0.883180,0.883480,0
20140304 011054970,0.883190,0.883490,0
20140304 011056017,0.883200,0.883500,0
20140304 011058080,0.883190,0.883490,0
20140304 011058423,0.883210,0.883510,0
20140304 011100157,0.883220,0.883520,0
20140304 011100517,0.883280,0.883580,0
20140304 011100907,0.883290,0.883590,0
20140304 011101187,0.883320,0.883620,0
20140304 011101533,0.883340,0.883640,0
20140304 011104283,0.883330,0.883630,0
20140304 011104453,0.883340,0.883640,0
20140304 011104610,0.883330,0.883630,0
20140304 011104937,0.883340,0.883640,0
20140304 011105297,0.883330,0.883630,0
20140304 011105640,0.883310,0.883610,0
20140304 011105987,0.883290,0.883590,0
20140304 011106347,0.883280,0.883580,0
20140304 011108047,0.883290,0.883590,0
20140304 011108390,0.883310,0.883610,0
20140304 011108737,0.883300,0.883600,0
20140304 011114597,0.883360,0.883660,0
20140304 011114937,0.883350,0.883650,0
20140304 011115267,0.883360,0.883660,0
20140304 011116283,0.883370,0.883670,0
20140304 011116640,0.883360,0.883660,0
20140304 011123517,0.883430,0.883730,0
20140304 011124203,0.883470,0.883770,0
20140304 011124877,0.883450,0.883750,0
20140304 011125237,0.883460,0.883760,0
20140304 011125580,0.883440,0.883740,0
20140304 011125937,0.883400,0.883700,0
20140304 011143813,0.883390,0.883690,0
20140304 011144140,0.883380,0.883680,0
20140304 011145173,0.883360,0.883660,0
20140304 011145877,0.883370,0.883670,0
20140304 011148250,0.883360,0.883660,0
20140304 011148953,0.883370,0.883670,0
20140304 011150687,0.883360,0.883660,0
20140304 011151000,0.883350,0.883650,0
20140304 011151687,0.883330,0.883630,0
20140304 011156860,0.883340,0.883640,0
20140304 011158580,0.883360,0.883660,0
20140304 011159597,0.883350,0.883650,0
20140304 011159937,0.883360,0.883660,0
20140304 011200297,0.883370,0.883670,0
20140304 011200970,0.883380,0.883680,0
20140304 011201313,0.883360,0.883660,0
20140304 011201657,0.883390,0.883690,0
20140304 011202000,0.883380,0.883680,0
20140304 011203390,0.883400,0.883700,0
20140304 011203720,0.883410,0.883710,0
20140304 011206470,0.883420,0.883720,0
20140304 011207157,0.883450,0.883750,0
20140304 011207500,0.883420,0.883720,0
20140304 011207847,0.883430,0.883730,0
20140304 011208203,0.883370,0.883670,0
20140304 011208533,0.883410,0.883710,0
20140304 011209907,0.883420,0.883720,0
20140304 011210597,0.883450,0.883750,0
20140304 011210953,0.883480,0.883780,0
20140304 011211297,0.883490,0.883790,0
20140304 011211640,0.883500,0.883800,0
20140304 011211970,0.883520,0.883820,0
20140304 011214047,0.883530,0.883830,0
20140304 011214750,0.883540,0.883840,0
20140304 011216127,0.883520,0.883820,0
20140304 011216453,0.883480,0.883780,0
20140304 011216813,0.883490,0.883790,0
20140304 011217140,0.883510,0.883810,0
20140304 011219203,0.883520,0.883820,0
20140304 011220250,0.883530,0.883830,0
20140304 011220580,0.883550,0.883850,0
20140304 011222657,0.883570,0.883870,0
20140304 011223000,0.883660,0.883960,0
20140304 011223347,0.883670,0.883970,0
20140304 011223687,0.883690,0.883990,0
20140304 011224033,0.883730,0.884030,0
20140304 011224377,0.883750,0.884050,0
20140304 011224703,0.883760,0.884060,0
20140304 011225407,0.883750,0.884050,0
20140304 011226097,0.883700,0.884000,0
20140304 011226407,0.883680,0.883980,0
20140304 011227127,0.883670,0.883970,0
20140304 011227470,0.883650,0.883950,0
20140304 011227813,0.883640,0.883940,0
20140304 011228157,0.883620,0.883920,0
20140304 011228487,0.883630,0.883930,0
20140304 011229187,0.883650,0.883950,0
20140304 011229533,0.883720,0.884020,0
20140304 011230890,0.883700,0.884000,0
20140304 011231250,0.883710,0.884010,0
20140304 011233657,0.883700,0.884000,0
20140304 011237097,0.883680,0.883980,0
20140304 011237423,0.883670,0.883970,0
20140304 011237767,0.883630,0.883930,0
20140304 011239140,0.883680,0.883980,0
20140304 011239487,0.883670,0.883970,0
20140304 011239830,0.883680,0.883980,0
20140304 011241533,0.883650,0.883950,0
20140304 011241907,0.883680,0.883980,0
20140304 011242220,0.883700,0.884000,0
20140304 011242907,0.883660,0.883960,0
20140304 011243250,0.883620,0.883920,0
20140304 011245673,0.883610,0.883910,0
20140304 011246703,0.883600,0.883900,0
20140304 011248437,0.883550,0.883850,0
20140304 011249487,0.883520,0.883820,0
20140304 011249687,0.883500,0.883800,0
20140304 011249797,0.883480,0.883780,0
20140304 011250157,0.883490,0.883790,0
20140304 011251187,0.883500,0.883800,0
20140304 011251517,0.883490,0.883790,0
20140304 011251860,0.883510,0.883810,0
20140304 011252203,0.883530,0.883830,0
20140304 011252563,0.883520,0.883820,0
20140304 011258390,0.883500,0.883800,0
20140304 011300110,0.883490,0.883790,0
20140304 011300797,0.883480,0.883780,0
20140304 011304580,0.883470,0.883770,0
20140304 011305267,0.883490,0.883790,0
20140304 011305610,0.883480,0.883780,0
20140304 011306987,0.883440,0.883740,0
20140304 011307347,0.883390,0.883690,0
20140304 011307687,0.883370,0.883670,0
20140304 011308017,0.883340,0.883640,0
20140304 011308347,0.883350,0.883650,0
20140304 011309063,0.883340,0.883640,0
20140304 011310750,0.883290,0.883590,0
20140304 011311127,0.883250,0.883550,0
20140304 011311453,0.883240,0.883540,0
20140304 011313187,0.883230,0.883530,0
20140304 011313533,0.883260,0.883560,0
20140304 011313877,0.883240,0.883540,0
20140304 011314203,0.883250,0.883550,0
20140304 011314547,0.883240,0.883540,0
20140304 011317297,0.883220,0.883520,0
20140304 011317987,0.883250,0.883550,0
20140304 011318347,0.883260,0.883560,0
20140304 011318687,0.883310,0.883610,0
20140304 011319017,0.883350,0.883650,0
20140304 011319377,0.883420,0.883720,0
20140304 011319687,0.883450,0.883750,0
20140304 011320047,0.883440,0.883740,0
20140304 011320377,0.883430,0.883730,0
20140304 011320737,0.883450,0.883750,0
20140304 011321097,0.883430,0.883730,0
20140304 011321423,0.883420,0.883720,0
20140304 011321783,0.883390,0.883690,0
20140304 011322797,0.883410,0.883710,0
20140304 011323157,0.883400,0.883700,0
20140304 011323487,0.883420,0.883720,0
20140304 011323813,0.883410,0.883710,0
20140304 011324173,0.883360,0.883660,0
20140304 011324580,0.883350,0.883650,0
20140304 011325547,0.883390,0.883690,0
20140304 011325907,0.883430,0.883730,0
20140304 011327953,0.883450,0.883750,0
20140304 011328313,0.883470,0.883770,0
20140304 011328640,0.883480,0.883780,0
20140304 011329313,0.883490,0.883790,0
20140304 011335847,0.883470,0.883770,0
20140304 011336187,0.883490,0.883790,0
20140304 011337237,0.883500,0.883800,0
20140304 011337580,0.883480,0.883780,0
20140304 011338627,0.883570,0.883870,0
20140304 011339313,0.883600,0.883900,0
20140304 011339657,0.883590,0.883890,0
20140304 011339987,0.883570,0.883870,0
20140304 011340673,0.883590,0.883890,0
20140304 011341000,0.883600,0.883900,0
20140304 011341360,0.883590,0.883890,0
20140304 011341703,0.883600,0.883900,0
20140304 011342390,0.883590,0.883890,0
20140304 011344127,0.883600,0.883900,0
20140304 011346860,0.883590,0.883890,0
20140304 011347563,0.883520,0.883820,0
20140304 011347907,0.883480,0.883780,0
20140304 011348220,0.883450,0.883750,0
20140304 011348923,0.883440,0.883740,0
20140304 011349283,0.883380,0.883680,0
20140304 011349610,0.883340,0.883640,0
20140304 011349953,0.883310,0.883610,0
20140304 011351000,0.883280,0.883580,0
20140304 011351347,0.883260,0.883560,0
20140304 011351687,0.883230,0.883530,0
20140304 011352033,0.883220,0.883520,0
20140304 011353720,0.883230,0.883530,0
20140304 011354080,0.883180,0.883480,0
20140304 011402330,0.883190,0.883490,0
20140304 011404047,0.883170,0.883470,0
20140304 011404407,0.883140,0.883440,0
20140304 011404720,0.883160,0.883460,0
20140304 011405080,0.883150,0.883450,0
20140304 011405423,0.883130,0.883430,0
20140304 011405783,0.883080,0.883380,0
20140304 011406110,0.883100,0.883400,0
20140304 011410237,0.883070,0.883370,0
20140304 011410597,0.883030,0.883330,0
20140304 011411267,0.883010,0.883310,0
20140304 011411610,0.882990,0.883290,0
20140304 011412313,0.883000,0.883300,0
20140304 011413330,0.882990,0.883290,0
20140304 011413673,0.882980,0.883280,0
20140304 011417797,0.882990,0.883290,0
20140304 011418470,0.883010,0.883310,0
20140304 011418830,0.883070,0.883370,0
20140304 011419173,0.883110,0.883410,0
20140304 011419500,0.883130,0.883430,0
20140304 011420877,0.883120,0.883420,0
20140304 011422267,0.883110,0.883410,0
20140304 011423283,0.883100,0.883400,0
20140304 011423970,0.883120,0.883420,0
20140304 011427080,0.883100,0.883400,0
20140304 011427750,0.883110,0.883410,0
20140304 011428783,0.883090,0.883390,0
20140304 011429813,0.883100,0.883400,0
20140304 011430500,0.883090,0.883390,0
20140304 011433267,0.883100,0.883400,0
20140304 011434970,0.883120,0.883420,0
20140304 011435313,0.883110,0.883410,0
20140304 011435673,0.883120,0.883420,0
20140304 011436017,0.883170,0.883470,0
20140304 011436360,0.883200,0.883500,0
20140304 011436687,0.883190,0.883490,0
20140304 011439097,0.883200,0.883500,0
20140304 011439437,0.883190,0.883490,0
20140304 011440127,0.883180,0.883480,0
20140304 011440500,0.883200,0.883500,0
20140304 011440813,0.883220,0.883520,0
20140304 011441847,0.883200,0.883500,0
20140304 011449437,0.883180,0.883480,0
20140304 011450470,0.883170,0.883470,0
20140304 011450797,0.883130,0.883430,0
20140304 011451157,0.883120,0.883420,0
20140304 011451487,0.883170,0.883470,0
20140304 011452157,0.883160,0.883460,0
20140304 011453220,0.883170,0.883470,0
20140304 011453563,0.883160,0.883460,0
20140304 011453890,0.883200,0.883500,0
20140304 011454580,0.883160,0.883460,0
20140304 011454923,0.883130,0.883430,0
20140304 011455267,0.883140,0.883440,0
20140304 011456987,0.883130,0.883430,0
20140304 011457330,0.883110,0.883410,0
20140304 011458017,0.883150,0.883450,0
20140304 011458360,0.883120,0.883420,0
20140304 011459047,0.883140,0.883440,0
20140304 011500767,0.883150,0.883450,0
20140304 011503860,0.883140,0.883440,0
20140304 011518640,0.883130,0.883430,0
20140304 011518987,0.883110,0.883410,0
20140304 011520017,0.883100,0.883400,0
20140304 011523470,0.883090,0.883390,0
20140304 011525860,0.883070,0.883370,0
20140304 011526203,0.883040,0.883340,0
20140304 011527923,0.883010,0.883310,0
20140304 011528250,0.883020,0.883320,0
20140304 011528597,0.883000,0.883300,0
20140304 011529970,0.883020,0.883320,0
20140304 011530330,0.883000,0.883300,0
20140304 011530673,0.883030,0.883330,0
20140304 011531000,0.883000,0.883300,0
20140304 011531360,0.882990,0.883290,0
20140304 011543390,0.883000,0.883300,0
20140304 011544470,0.883040,0.883340,0
20140304 011545453,0.883030,0.883330,0
20140304 011545783,0.883040,0.883340,0
20140304 011546140,0.883030,0.883330,0
20140304 011547877,0.883040,0.883340,0
20140304 011548220,0.883100,0.883400,0
20140304 011548533,0.883120,0.883420,0
20140304 011548890,0.883110,0.883410,0
20140304 011549237,0.883120,0.883420,0
20140304 011549580,0.883110,0.883410,0
20140304 011550610,0.883140,0.883440,0
20140304 011550970,0.883160,0.883460,0
20140304 011551313,0.883170,0.883470,0
20140304 011551640,0.883200,0.883500,0
20140304 011551987,0.883220,0.883520,0
20140304 011558173,0.883210,0.883510,0
20140304 011559890,0.883150,0.883450,0
20140304 011600237,0.883140,0.883440,0
20140304 011606407,0.883170,0.883470,0
20140304 011611580,0.883160,0.883460,0
20140304 011612953,0.883170,0.883470,0
20140304 011614347,0.883160,0.883460,0
20140304 011615360,0.883180,0.883480,0
20140304 011615703,0.883190,0.883490,0
20140304 011617063,0.883200,0.883500,0
20140304 011620847,0.883190,0.883490,0
20140304 011621547,0.883200,0.883500,0
20140304 011621877,0.883210,0.883510,0
20140304 011625687,0.883220,0.883520,0
20140304 011626017,0.883230,0.883530,0
20140304 011626377,0.883290,0.883590,0
20140304 011626687,0.883310,0.883610,0
20140304 011633220,0.883320,0.883620,0
20140304 011634597,0.883310,0.883610,0
20140304 011634937,0.883320,0.883620,0
20140304 011636673,0.883280,0.883580,0
20140304 011637017,0.883230,0.883530,0
20140304 011637347,0.883210,0.883510,0
20140304 011639750,0.883200,0.883500,0
20140304 011641813,0.883210,0.883510,0
20140304 011642157,0.883220,0.883520,0
20140304 011643187,0.883230,0.883530,0
20140304 011644220,0.883240,0.883540,0
20140304 011645597,0.883230,0.883530,0
20140304 011646970,0.883250,0.883550,0
20140304 011647330,0.883260,0.883560,0
20140304 011647657,0.883270,0.883570,0
20140304 011649377,0.883280,0.883580,0
20140304 011705187,0.883260,0.883560,0
20140304 011705533,0.883230,0.883530,0
20140304 011712423,0.883210,0.883510,0
20140304 011712767,0.883170,0.883470,0
20140304 011714127,0.883150,0.883450,0
20140304 011714470,0.883160,0.883460,0
20140304 011718250,0.883190,0.883490,0
20140304 011731330,0.883230,0.883530,0
20140304 011731657,0.883270,0.883570,0
20140304 011732017,0.883300,0.883600,0
20140304 011732347,0.883310,0.883610,0
20140304 011734750,0.883290,0.883590,0
20140304 011741640,0.883300,0.883600,0
20140304 011746127,0.883290,0.883590,0
20140304 011803283,0.883280,0.883580,0
20140304 011803627,0.883290,0.883590,0
20140304 011804313,0.883280,0.883580,0
20140304 011805347,0.883290,0.883590,0
20140304 011805687,0.883280,0.883580,0
20140304 011806390,0.883290,0.883590,0
20140304 011806720,0.883280,0.883580,0
20140304 011807063,0.883290,0.883590,0
20140304 011808097,0.883280,0.883580,0
20140304 011809813,0.883290,0.883590,0
20140304 011811187,0.883280,0.883580,0
20140304 011811533,0.883290,0.883590,0
20140304 011811877,0.883280,0.883580,0
20140304 011812907,0.883290,0.883590,0
20140304 011813250,0.883280,0.883580,0
20140304 011814627,0.883270,0.883570,0
20140304 011815313,0.883230,0.883530,0
20140304 011815657,0.883150,0.883450,0
20140304 011816017,0.883160,0.883460,0
20140304 011816703,0.883140,0.883440,0
20140304 011817047,0.883110,0.883410,0
20140304 011822547,0.883120,0.883420,0
20140304 011823907,0.883140,0.883440,0
20140304 011824267,0.883160,0.883460,0
20140304 011827360,0.883150,0.883450,0
20140304 011831487,0.883160,0.883460,0
20140304 011831830,0.883150,0.883450,0
20140304 011832517,0.883160,0.883460,0
20140304 011836657,0.883220,0.883520,0
20140304 011836987,0.883200,0.883500,0
20140304 011840423,0.883190,0.883490,0
20140304 011840767,0.883160,0.883460,0
20140304 011841097,0.883170,0.883470,0
20140304 011841797,0.883160,0.883460,0
20140304 011842830,0.883140,0.883440,0
20140304 011845563,0.883130,0.883430,0
20140304 011847970,0.883140,0.883440,0
20140304 011848673,0.883160,0.883460,0
20140304 011849000,0.883170,0.883470,0
20140304 011850407,0.883190,0.883490,0
20140304 011850737,0.883200,0.883500,0
20140304 011851407,0.883210,0.883510,0
20140304 011859000,0.883220,0.883520,0
20140304 011906890,0.883240,0.883540,0
20140304 011907220,0.883230,0.883530,0
20140304 011914580,0.883220,0.883520,0
20140304 011914813,0.883200,0.883500,0
20140304 011921673,0.883190,0.883490,0
20140304 011922017,0.883180,0.883480,0
20140304 011922360,0.883170,0.883470,0
20140304 011926487,0.883150,0.883450,0
20140304 011933703,0.883200,0.883500,0
20140304 011934063,0.883210,0.883510,0
20140304 011934377,0.883190,0.883490,0
20140304 011938517,0.883180,0.883480,0
20140304 011938860,0.883190,0.883490,0
20140304 011939187,0.883180,0.883480,0
20140304 011939547,0.883190,0.883490,0
20140304 011939890,0.883180,0.883480,0
20140304 011940237,0.883160,0.883460,0
20140304 011942313,0.883170,0.883470,0
20140304 011943673,0.883160,0.883460,0
20140304 011944017,0.883170,0.883470,0
20140304 011946080,0.883150,0.883450,0
20140304 011946767,0.883140,0.883440,0
20140304 011947110,0.883130,0.883430,0
20140304 011951237,0.883110,0.883410,0
20140304 011957767,0.883120,0.883420,0
20140304 011958470,0.883110,0.883410,0
20140304 012001890,0.883120,0.883420,0
20140304 012002220,0.883110,0.883410,0
20140304 012005000,0.883100,0.883400,0
20140304 012005313,0.883080,0.883380,0
20140304 012006360,0.883060,0.883360,0
20140304 012010157,0.883040,0.883340,0
20140304 012010500,0.882980,0.883280,0
20140304 012010813,0.882970,0.883270,0
20140304 012014267,0.882980,0.883280,0
20140304 012014627,0.883000,0.883300,0
20140304 012018390,0.882980,0.883280,0
20140304 012018720,0.882960,0.883260,0
20140304 012020097,0.883000,0.883300,0
20140304 012027000,0.882980,0.883280,0
20140304 012027330,0.882970,0.883270,0
20140304 012027673,0.882950,0.883250,0
20140304 012028000,0.882930,0.883230,0
20140304 012039703,0.882900,0.883200,0
20140304 012040047,0.882860,0.883160,0
20140304 012040377,0.882830,0.883130,0
20140304 012046563,0.882820,0.883120,0
20140304 012046907,0.882800,0.883100,0
20140304 012047937,0.882790,0.883090,0
20140304 012048297,0.882750,0.883050,0
20140304 012051407,0.882740,0.883040,0
20140304 012051737,0.882730,0.883030,0
20140304 012052097,0.882700,0.883000,0
20140304 012052423,0.882690,0.882990,0
20140304 012053453,0.882680,0.882980,0
20140304 012104097,0.882710,0.883010,0
20140304 012104797,0.882740,0.883040,0
20140304 012106847,0.882750,0.883050,0
20140304 012107187,0.882760,0.883060,0
20140304 012107547,0.882790,0.883090,0
20140304 012107890,0.882820,0.883120,0
20140304 012112000,0.882830,0.883130,0
20140304 012115453,0.882850,0.883150,0
20140304 012115797,0.882880,0.883180,0
20140304 012116127,0.882890,0.883190,0
20140304 012118890,0.882830,0.883130,0
20140304 012119580,0.882880,0.883180,0
20140304 012120250,0.882900,0.883200,0
20140304 012120610,0.882890,0.883190,0
20140304 012121283,0.882880,0.883180,0
20140304 012122673,0.882870,0.883170,0
20140304 012123000,0.882880,0.883180,0
20140304 012125407,0.882860,0.883160,0
20140304 012129203,0.882880,0.883180,0
20140304 012130220,0.882870,0.883170,0
20140304 012130563,0.882880,0.883180,0
20140304 012132297,0.882870,0.883170,0
20140304 012132987,0.882880,0.883180,0
20140304 012134377,0.882860,0.883160,0
20140304 012134533,0.882840,0.883140,0
20140304 012136437,0.882830,0.883130,0
20140304 012136783,0.882810,0.883110,0
20140304 012137437,0.882780,0.883080,0
20140304 012140547,0.882790,0.883090,0
20140304 012140890,0.882780,0.883080,0
20140304 012148453,0.882760,0.883060,0
20140304 012150517,0.882750,0.883050,0
20140304 012151533,0.882740,0.883040,0
20140304 012153283,0.882750,0.883050,0
20140304 012153610,0.882770,0.883070,0
20140304 012156377,0.882750,0.883050,0
20140304 012157407,0.882760,0.883060,0
20140304 012158080,0.882770,0.883070,0
20140304 012201860,0.882810,0.883110,0
20140304 012203220,0.882820,0.883120,0
20140304 012204283,0.882830,0.883130,0
20140304 012204610,0.882840,0.883140,0
20140304 012206313,0.882830,0.883130,0
20140304 012210470,0.882820,0.883120,0
20140304 012210797,0.882790,0.883090,0
20140304 012211140,0.882780,0.883080,0
20140304 012214907,0.882710,0.883010,0
20140304 012215267,0.882720,0.883020,0
20140304 012215953,0.882710,0.883010,0
20140304 012225907,0.882680,0.882980,0
20140304 012226610,0.882690,0.882990,0
20140304 012232110,0.882670,0.882970,0
20140304 012233813,0.882680,0.882980,0
20140304 012242437,0.882690,0.882990,0
20140304 012243097,0.882700,0.883000,0
20140304 012243437,0.882730,0.883030,0
20140304 012244470,0.882720,0.883020,0
20140304 012245157,0.882700,0.883000,0
20140304 012245517,0.882680,0.882980,0
20140304 012245860,0.882700,0.883000,0
20140304 012246203,0.882690,0.882990,0
20140304 012247237,0.882700,0.883000,0
20140304 012247907,0.882710,0.883010,0
20140304 012249657,0.882700,0.883000,0
20140304 012249970,0.882710,0.883010,0
20140304 012250347,0.882690,0.882990,0
20140304 012252047,0.882680,0.882980,0
20140304 012253080,0.882670,0.882970,0
20140304 012254110,0.882630,0.882930,0
20140304 012254437,0.882620,0.882920,0
20140304 012254783,0.882610,0.882910,0
20140304 012255813,0.882620,0.882920,0
20140304 012256157,0.882610,0.882910,0
20140304 012256500,0.882600,0.882900,0
20140304 012258563,0.882590,0.882890,0
20140304 012259267,0.882570,0.882870,0
20140304 012259597,0.882520,0.882820,0
20140304 012259937,0.882510,0.882810,0
20140304 012302347,0.882490,0.882790,0
20140304 012303377,0.882510,0.882810,0
20140304 012304063,0.882530,0.882830,0
20140304 012304423,0.882540,0.882840,0
20140304 012307500,0.882550,0.882850,0
20140304 012307860,0.882580,0.882880,0
20140304 012308203,0.882620,0.882920,0
20140304 012308547,0.882630,0.882930,0
20140304 012310610,0.882660,0.882960,0
20140304 012311283,0.882650,0.882950,0
20140304 012311657,0.882610,0.882910,0
20140304 012312330,0.882600,0.882900,0
20140304 012313017,0.882570,0.882870,0
20140304 012313360,0.882550,0.882850,0
20140304 012313703,0.882530,0.882830,0
20140304 012319547,0.882510,0.882810,0
20140304 012321953,0.882520,0.882820,0
20140304 012322313,0.882510,0.882810,0
20140304 012327097,0.882500,0.882800,0
20140304 012328487,0.882510,0.882810,0
20140304 012328860,0.882490,0.882790,0
20140304 012329187,0.882460,0.882760,0
20140304 012330907,0.882450,0.882750,0
20140304 012331563,0.882460,0.882760,0
20140304 012331937,0.882470,0.882770,0
20140304 012332610,0.882460,0.882760,0
20140304 012333673,0.882440,0.882740,0
20140304 012334687,0.882500,0.882800,0
20140304 012336750,0.882520,0.882820,0
20140304 012337097,0.882540,0.882840,0
20140304 012337423,0.882510,0.882810,0
20140304 012337767,0.882490,0.882790,0
20140304 012338110,0.882460,0.882760,0
20140304 012339140,0.882450,0.882750,0
20140304 012339500,0.882460,0.882760,0
20140304 012340187,0.882450,0.882750,0
20140304 012340533,0.882460,0.882760,0
20140304 012340860,0.882470,0.882770,0
20140304 012341203,0.882480,0.882780,0
20140304 012341907,0.882470,0.882770,0
20140304 012345313,0.882480,0.882780,0
20140304 012345673,0.882470,0.882770,0
20140304 012347737,0.882500,0.882800,0
20140304 012350830,0.882480,0.882780,0
20140304 012351173,0.882470,0.882770,0
20140304 012352563,0.882480,0.882780,0
20140304 012354267,0.882470,0.882770,0
20140304 012355297,0.882490,0.882790,0
20140304 012355987,0.882500,0.882800,0
20140304 012357703,0.882480,0.882780,0
20140304 012358047,0.882490,0.882790,0
20140304 012400453,0.882500,0.882800,0
20140304 012401847,0.882490,0.882790,0
20140304 012406640,0.882480,0.882780,0
20140304 012406987,0.882490,0.882790,0
20140304 012410080,0.882500,0.882800,0
20140304 012412830,0.882490,0.882790,0
20140304 012413173,0.882500,0.882800,0
20140304 012413500,0.882490,0.882790,0
20140304 012413847,0.882500,0.882800,0
20140304 012414187,0.882490,0.882790,0
20140304 012415923,0.882470,0.882770,0
20140304 012418673,0.882480,0.882780,0
20140304 012421080,0.882470,0.882770,0
20140304 012424847,0.882460,0.882760,0
20140304 012427267,0.882480,0.882780,0
20140304 012427953,0.882490,0.882790,0
20140304 012428987,0.882470,0.882770,0
20140304 012429330,0.882390,0.882690,0
20140304 012430017,0.882380,0.882680,0
20140304 012431390,0.882390,0.882690,0
20140304 012432080,0.882380,0.882680,0
20140304 012434487,0.882390,0.882690,0
20140304 012436203,0.882400,0.882700,0
20140304 012439640,0.882430,0.882730,0
20140304 012445487,0.882390,0.882690,0
20140304 012445830,0.882370,0.882670,0
20140304 012448563,0.882360,0.882660,0
20140304 012504047,0.882370,0.882670,0
20140304 012505423,0.882390,0.882690,0
20140304 012505767,0.882400,0.882700,0
20140304 012506110,0.882380,0.882680,0
20140304 012507127,0.882400,0.882700,0
20140304 012509890,0.882390,0.882690,0
20140304 012510580,0.882400,0.882700,0
20140304 012511610,0.882420,0.882720,0
20140304 012511953,0.882440,0.882740,0
20140304 012512297,0.882430,0.882730,0
20140304 012514687,0.882440,0.882740,0
20140304 012515033,0.882430,0.882730,0
20140304 012517783,0.882450,0.882750,0
20140304 012519847,0.882440,0.882740,0
20140304 012522610,0.882460,0.882760,0
20140304 012522953,0.882450,0.882750,0
20140304 012523283,0.882420,0.882720,0
20140304 012523640,0.882410,0.882710,0
20140304 012528437,0.882420,0.882720,0
20140304 012530860,0.882410,0.882710,0
20140304 012542187,0.882420,0.882720,0
20140304 012545283,0.882370,0.882670,0
20140304 012545640,0.882360,0.882660,0
20140304 012545987,0.882350,0.882650,0
20140304 012547017,0.882380,0.882680,0
20140304 012547360,0.882390,0.882690,0
20140304 012551487,0.882400,0.882700,0
20140304 012551830,0.882410,0.882710,0
20140304 012553547,0.882400,0.882700,0
20140304 012554923,0.882410,0.882710,0
20140304 012608000,0.882380,0.882680,0
20140304 012608330,0.882370,0.882670,0
20140304 012609017,0.882380,0.882680,0
20140304 012609360,0.882390,0.882690,0
20140304 012609703,0.882380,0.882680,0
20140304 012610720,0.882390,0.882690,0
20140304 012611080,0.882380,0.882680,0
20140304 012611750,0.882390,0.882690,0
20140304 012612453,0.882380,0.882680,0
20140304 012615563,0.882420,0.882720,0
20140304 012615890,0.882440,0.882740,0
20140304 012616237,0.882460,0.882760,0
20140304 012616580,0.882450,0.882750,0
20140304 012617953,0.882460,0.882760,0
20140304 012628953,0.882470,0.882770,0
20140304 012631687,0.882480,0.882780,0
20140304 012632033,0.882490,0.882790,0
20140304 012634797,0.882480,0.882780,0
20140304 012635127,0.882490,0.882790,0
20140304 012637220,0.882470,0.882770,0
20140304 012637533,0.882460,0.882760,0
20140304 012643407,0.882470,0.882770,0
20140304 012650250,0.882480,0.882780,0
20140304 012656783,0.882490,0.882790,0
20140304 012657140,0.882480,0.882780,0
20140304 012702297,0.882490,0.882790,0
20140304 012721220,0.882510,0.882810,0
20140304 012721547,0.882520,0.882820,0
20140304 012723953,0.882530,0.882830,0
20140304 012724297,0.882570,0.882870,0
20140304 012728063,0.882560,0.882860,0
20140304 012728407,0.882570,0.882870,0
20140304 012729097,0.882560,0.882860,0
20140304 012733237,0.882570,0.882870,0
20140304 012733597,0.882560,0.882860,0
20140304 012736000,0.882580,0.882880,0
20140304 012739063,0.882570,0.882870,0
20140304 012739767,0.882550,0.882850,0
20140304 012740110,0.882530,0.882830,0
20140304 012740453,0.882510,0.882810,0
20140304 012740813,0.882480,0.882780,0
20140304 012741140,0.882470,0.882770,0
20140304 012741487,0.882460,0.882760,0
20140304 012741830,0.882450,0.882750,0
20140304 012742517,0.882460,0.882760,0
20140304 012742877,0.882450,0.882750,0
20140304 012743203,0.882440,0.882740,0
20140304 012743563,0.882460,0.882760,0
20140304 012743890,0.882470,0.882770,0
20140304 012744937,0.882500,0.882800,0
20140304 012745283,0.882530,0.882830,0
20140304 012745627,0.882540,0.882840,0
20140304 012745953,0.882550,0.882850,0
20140304 012748377,0.882570,0.882870,0
20140304 012748703,0.882590,0.882890,0
20140304 012749390,0.882600,0.882900,0
20140304 012751097,0.882610,0.882910,0
20140304 012753187,0.882600,0.882900,0
20140304 012753533,0.882560,0.882860,0
20140304 012753847,0.882550,0.882850,0
20140304 012754203,0.882620,0.882920,0
20140304 012754533,0.882640,0.882940,0
20140304 012757297,0.882630,0.882930,0
20140304 012758657,0.882640,0.882940,0
20140304 012759000,0.882630,0.882930,0
20140304 012801407,0.882620,0.882920,0
20140304 012801750,0.882640,0.882940,0
20140304 012803470,0.882660,0.882960,0
20140304 012812750,0.882650,0.882950,0
20140304 012814140,0.882660,0.882960,0
20140304 012820330,0.882650,0.882950,0
20140304 012822047,0.882660,0.882960,0
20140304 012826173,0.882680,0.882980,0
20140304 012826517,0.882710,0.883010,0
20140304 012826860,0.882720,0.883020,0
20140304 012829267,0.882740,0.883040,0
20140304 012829597,0.882760,0.883060,0
20140304 012830640,0.882750,0.883050,0
20140304 012830970,0.882760,0.883060,0
20140304 012831687,0.882780,0.883080,0
20140304 012832017,0.882820,0.883120,0
20140304 012833407,0.882850,0.883150,0
20140304 012833750,0.882930,0.883230,0
20140304 012834080,0.882960,0.883260,0
20140304 012834453,0.883000,0.883300,0
20140304 012834767,0.882990,0.883290,0
20140304 012835783,0.882980,0.883280,0
20140304 012837860,0.882970,0.883270,0
20140304 012838203,0.882950,0.883250,0
20140304 012838563,0.882910,0.883210,0
20140304 012838890,0.882880,0.883180,0
20140304 012839250,0.882860,0.883160,0
20140304 012839597,0.882850,0.883150,0
20140304 012839923,0.882820,0.883120,0
20140304 012840597,0.882830,0.883130,0
20140304 012840937,0.882820,0.883120,0
20140304 012841627,0.882830,0.883130,0
20140304 012843703,0.882840,0.883140,0
20140304 012844033,0.882860,0.883160,0
20140304 012844377,0.882880,0.883180,0
20140304 012848173,0.882890,0.883190,0
20140304 012848517,0.882930,0.883230,0
20140304 012848860,0.882920,0.883220,0
20140304 012849877,0.882910,0.883210,0
20140304 012851597,0.882900,0.883200,0
20140304 012851937,0.882910,0.883210,0
20140304 012853313,0.882920,0.883220,0
20140304 012853657,0.882900,0.883200,0
20140304 012854000,0.882910,0.883210,0
20140304 012855377,0.882900,0.883200,0
20140304 012855720,0.882890,0.883190,0
20140304 012856063,0.882900,0.883200,0
20140304 012856437,0.882880,0.883180,0
20140304 012906377,0.882820,0.883120,0
20140304 012906720,0.882810,0.883110,0
20140304 012907063,0.882820,0.883120,0
20140304 012908097,0.882810,0.883110,0
20140304 012909813,0.882820,0.883120,0
20140304 012911877,0.882830,0.883130,0
20140304 012914627,0.882820,0.883120,0
20140304 012914970,0.882780,0.883080,0
20140304 012915673,0.882770,0.883070,0
20140304 012916017,0.882750,0.883050,0
20140304 012916687,0.882760,0.883060,0
20140304 012917377,0.882750,0.883050,0
20140304 012922533,0.882760,0.883060,0
20140304 012926657,0.882780,0.883080,0
20140304 012934907,0.882770,0.883070,0
20140304 012935610,0.882740,0.883040,0
20140304 012937313,0.882760,0.883060,0
20140304 012937657,0.882750,0.883050,0
20140304 012938017,0.882760,0.883060,0
20140304 012938347,0.882770,0.883070,0
20140304 012940767,0.882780,0.883080,0
20140304 012943877,0.882800,0.883100,0
20140304 012944203,0.882810,0.883110,0
20140304 012945597,0.882830,0.883130,0
20140304 012945907,0.882860,0.883160,0
20140304 012946267,0.882880,0.883180,0
20140304 012951407,0.882900,0.883200,0
20140304 013000720,0.882990,0.883290,0
20140304 013004487,0.882980,0.883280,0
20140304 013008283,0.882970,0.883270,0
20140304 013008970,0.882930,0.883230,0
20140304 013009313,0.882940,0.883240,0
20140304 013010327,0.882930,0.883230,0
20140304 013010687,0.882910,0.883210,0
20140304 013011700,0.882900,0.883200,0
20140304 013012730,0.882910,0.883210,0
20140304 013020950,0.882920,0.883220,0
20140304 013021293,0.882930,0.883230,0
20140304 013024757,0.882940,0.883240,0
20140304 013025087,0.882980,0.883280,0
20140304 013026457,0.882990,0.883290,0
20140304 013026803,0.883010,0.883310,0
20140304 013027160,0.883040,0.883340,0
20140304 013028160,0.883030,0.883330,0
20140304 013030240,0.883040,0.883340,0
20140304 013030583,0.883030,0.883330,0
20140304 013031257,0.883020,0.883320,0
20140304 013050177,0.883010,0.883310,0
20140304 013050507,0.883030,0.883330,0
20140304 013052583,0.883020,0.883320,0
20140304 013052927,0.883010,0.883310,0
20140304 013053270,0.883000,0.883300,0
20140304 013054303,0.882990,0.883290,0
20140304 013054427,0.882970,0.883270,0
20140304 013055333,0.882990,0.883290,0
20140304 013058083,0.883000,0.883300,0
20140304 013104957,0.882990,0.883290,0
20140304 013120770,0.882980,0.883280,0
20140304 013121457,0.882990,0.883290,0
20140304 013126270,0.882980,0.883280,0
20140304 013139660,0.882990,0.883290,0
20140304 013140350,0.883000,0.883300,0
20140304 013149647,0.883020,0.883320,0
20140304 013150677,0.883010,0.883310,0
20140304 013154457,0.883030,0.883330,0
20140304 013154817,0.883050,0.883350,0
20140304 013155473,0.883040,0.883340,0
20140304 013155850,0.883060,0.883360,0
20140304 013156177,0.883100,0.883400,0
20140304 013156520,0.883090,0.883390,0
20140304 013157553,0.883100,0.883400,0
20140304 013159630,0.883120,0.883420,0
20140304 013159943,0.883150,0.883450,0
20140304 013203380,0.883130,0.883430,0
20140304 013204083,0.883120,0.883420,0
20140304 013204427,0.883130,0.883430,0
20140304 013204770,0.883140,0.883440,0
20140304 013206490,0.883130,0.883430,0
20140304 013206817,0.883140,0.883440,0
20140304 013207177,0.883130,0.883430,0
20140304 013207520,0.883140,0.883440,0
20140304 013218177,0.883130,0.883430,0
20140304 013218850,0.883120,0.883420,0
20140304 013227100,0.883140,0.883440,0
20140304 013228130,0.883130,0.883430,0
20140304 013228473,0.883190,0.883490,0
20140304 013229850,0.883200,0.883500,0
20140304 013232943,0.883190,0.883490,0
20140304 013233973,0.883200,0.883500,0
20140304 013235007,0.883190,0.883490,0
20140304 013235350,0.883200,0.883500,0
20140304 013240160,0.883210,0.883510,0
20140304 013241880,0.883200,0.883500,0
20140304 013242223,0.883210,0.883510,0
20140304 013243600,0.883200,0.883500,0
20140304 013244287,0.883210,0.883510,0
20140304 013244630,0.883200,0.883500,0
20140304 013245660,0.883190,0.883490,0
20140304 013247053,0.883180,0.883480,0
20140304 013247380,0.883170,0.883470,0
20140304 013248067,0.883180,0.883480,0
20140304 013248410,0.883170,0.883470,0
20140304 013248757,0.883150,0.883450,0
20140304 013249100,0.883160,0.883460,0
20140304 013253567,0.883150,0.883450,0
20140304 013254287,0.883140,0.883440,0
20140304 013254600,0.883130,0.883430,0
20140304 013254943,0.883110,0.883410,0
20140304 013301130,0.883120,0.883420,0
20140304 013302507,0.883110,0.883410,0
20140304 013304910,0.883090,0.883390,0
20140304 013315567,0.883080,0.883380,0
20140304 013315910,0.883090,0.883390,0
20140304 013318317,0.883080,0.883380,0
20140304 013318660,0.883090,0.883390,0
20140304 013319007,0.883080,0.883380,0
20140304 013321757,0.883090,0.883390,0
20140304 013322443,0.883100,0.883400,0
20140304 013324507,0.883090,0.883390,0
20140304 013331037,0.883100,0.883400,0
20140304 013332067,0.883090,0.883390,0
20140304 013336537,0.883080,0.883380,0
20140304 013340660,0.883090,0.883390,0
20140304 013341380,0.883100,0.883400,0
20140304 013341693,0.883130,0.883430,0
20140304 013342723,0.883140,0.883440,0
20140304 013350630,0.883150,0.883450,0
20140304 013351317,0.883160,0.883460,0
20140304 013356147,0.883180,0.883480,0
20140304 013356473,0.883200,0.883500,0
20140304 013356833,0.883220,0.883520,0
20140304 013358193,0.883210,0.883510,0
20140304 013401287,0.883190,0.883490,0
20140304 013401630,0.883200,0.883500,0
20140304 013402660,0.883190,0.883490,0
20140304 013406100,0.883200,0.883500,0
20140304 013406457,0.883190,0.883490,0
20140304 013406787,0.883180,0.883480,0
20140304 013407473,0.883190,0.883490,0
20140304 013411943,0.883180,0.883480,0
20140304 013416083,0.883190,0.883490,0
20140304 013416410,0.883180,0.883480,0
20140304 013425007,0.883190,0.883490,0
20140304 013429130,0.883180,0.883480,0
20140304 013429473,0.883190,0.883490,0
20140304 013449067,0.883180,0.883480,0
20140304 013450100,0.883190,0.883490,0
20140304 013450443,0.883180,0.883480,0
20140304 013450787,0.883170,0.883470,0
20140304 013508333,0.883150,0.883450,0
20140304 013511427,0.883140,0.883440,0
20140304 013511770,0.883150,0.883450,0
20140304 013512457,0.883140,0.883440,0
20140304 013516583,0.883110,0.883410,0
20140304 013516943,0.883070,0.883370,0
20140304 013517270,0.883050,0.883350,0
20140304 013517613,0.883040,0.883340,0
20140304 013520363,0.883010,0.883310,0
20140304 013521053,0.882980,0.883280,0
20140304 013521740,0.882970,0.883270,0
20140304 013522067,0.882980,0.883280,0
20140304 013527910,0.882970,0.883270,0
20140304 013528270,0.882980,0.883280,0
20140304 013529973,0.882990,0.883290,0
20140304 013530350,0.883030,0.883330,0
20140304 013530677,0.883040,0.883340,0
20140304 013531020,0.883030,0.883330,0
20140304 013536520,0.883040,0.883340,0
20140304 013537553,0.883030,0.883330,0
20140304 013544757,0.883040,0.883340,0
20140304 013545100,0.883030,0.883330,0
20140304 013549257,0.883020,0.883320,0
20140304 013549583,0.883000,0.883300,0
20140304 013554037,0.882990,0.883290,0
20140304 013555770,0.882980,0.883280,0
20140304 013557147,0.882990,0.883290,0
20140304 013557833,0.882980,0.883280,0
20140304 013600583,0.882990,0.883290,0
20140304 013604350,0.882980,0.883280,0
20140304 013607803,0.882960,0.883260,0
20140304 013608160,0.882920,0.883220,0
20140304 013610207,0.882900,0.883200,0
20140304 013610567,0.882860,0.883160,0
20140304 013613287,0.882870,0.883170,0
20140304 013613630,0.882860,0.883160,0
20140304 013615007,0.882870,0.883170,0
20140304 013620850,0.882860,0.883160,0
20140304 013626007,0.882890,0.883190,0
20140304 013626350,0.882880,0.883180,0
20140304 013627380,0.882890,0.883190,0
20140304 013629443,0.882880,0.883180,0
20140304 013630817,0.882890,0.883190,0
20140304 013634957,0.882880,0.883180,0
20140304 013646990,0.882870,0.883170,0
20140304 013648020,0.882880,0.883180,0
20140304 013650427,0.882890,0.883190,0
20140304 013651787,0.882880,0.883180,0
20140304 013653863,0.882870,0.883170,0
20140304 013656630,0.882840,0.883140,0
20140304 013700397,0.882850,0.883150,0
20140304 013700723,0.882840,0.883140,0
20140304 013701083,0.882850,0.883150,0
20140304 013701443,0.882830,0.883130,0
20140304 013704520,0.882880,0.883180,0
20140304 013705897,0.882910,0.883210,0
20140304 013706583,0.882900,0.883200,0
20140304 013708647,0.882880,0.883180,0
20140304 013710723,0.882870,0.883170,0
20140304 013711053,0.882890,0.883190,0
20140304 013713787,0.882900,0.883200,0
20140304 013714130,0.882890,0.883190,0
20140304 013714473,0.882900,0.883200,0
20140304 013714833,0.882890,0.883190,0
20140304 013715520,0.882900,0.883200,0
20140304 013715850,0.882890,0.883190,0
20140304 013718257,0.882900,0.883200,0
20140304 013718973,0.882910,0.883210,0
20140304 013720333,0.882920,0.883220,0
20140304 013720677,0.882910,0.883210,0
20140304 013721363,0.882920,0.883220,0
20140304 013722037,0.882910,0.883210,0
20140304 013722723,0.882930,0.883230,0
20140304 013723083,0.882950,0.883250,0
20140304 013724113,0.882960,0.883260,0
20140304 013724803,0.882970,0.883270,0
20140304 013725147,0.882960,0.883260,0
20140304 013725473,0.882970,0.883270,0
20140304 013729973,0.883010,0.883310,0
20140304 013730303,0.883020,0.883320,0
20140304 013731317,0.883010,0.883310,0
20140304 013731677,0.883040,0.883340,0
20140304 013732020,0.883010,0.883310,0
20140304 013732363,0.882990,0.883290,0
20140304 013735113,0.883000,0.883300,0
20140304 013735473,0.883050,0.883350,0
20140304 013735787,0.883060,0.883360,0
20140304 013736507,0.883040,0.883340,0
20140304 013738207,0.883030,0.883330,0
20140304 013738567,0.883040,0.883340,0
20140304 013740270,0.883020,0.883320,0
20140304 013740630,0.883010,0.883310,0
20140304 013742333,0.883020,0.883320,0
20140304 013742677,0.883010,0.883310,0
20140304 013743020,0.883020,0.883320,0
20140304 013743350,0.883040,0.883340,0
20140304 013743707,0.883030,0.883330,0
20140304 013744053,0.883010,0.883310,0
20140304 013744410,0.882980,0.883280,0
20140304 013744757,0.882960,0.883260,0
20140304 013745427,0.882950,0.883250,0
20140304 013745770,0.882930,0.883230,0
20140304 013746113,0.882900,0.883200,0
20140304 013746457,0.882910,0.883210,0
20140304 013747147,0.882900,0.883200,0
20140304 013750600,0.882880,0.883180,0
20140304 013752973,0.882890,0.883190,0
20140304 013755037,0.882900,0.883200,0
20140304 013755380,0.882890,0.883190,0
20140304 013757443,0.882900,0.883200,0
20140304 013801927,0.882880,0.883180,0
20140304 013812223,0.882900,0.883200,0
20140304 013813600,0.882890,0.883190,0
20140304 013813943,0.882900,0.883200,0
20140304 013814973,0.882890,0.883190,0
20140304 013815317,0.882900,0.883200,0
20140304 013815660,0.882890,0.883190,0
20140304 013818067,0.882900,0.883200,0
20140304 013818757,0.882890,0.883190,0
20140304 013821160,0.882900,0.883200,0
20140304 013821507,0.882890,0.883190,0
20140304 013827693,0.882910,0.883210,0
20140304 013828037,0.882930,0.883230,0
20140304 013828380,0.882940,0.883240,0
20140304 013829067,0.882930,0.883230,0
20140304 013829757,0.882900,0.883200,0
20140304 013830100,0.882910,0.883210,0
20140304 013832507,0.882900,0.883200,0
20140304 013833537,0.882890,0.883190,0
20140304 013833880,0.882870,0.883170,0
20140304 013834223,0.882880,0.883180,0
20140304 013845223,0.882900,0.883200,0
20140304 013848317,0.882910,0.883210,0
20140304 013850723,0.882900,0.883200,0
20140304 013851757,0.882910,0.883210,0
20140304 013855207,0.882900,0.883200,0
20140304 013855880,0.882890,0.883190,0
20140304 013900020,0.882900,0.883200,0
20140304 013901053,0.882890,0.883190,0
20140304 013902427,0.882900,0.883200,0
20140304 013903803,0.882890,0.883190,0
20140304 013907943,0.882850,0.883150,0
20140304 013908270,0.882860,0.883160,0
20140304 013913427,0.882850,0.883150,0
20140304 013921333,0.882840,0.883140,0
20140304 013922707,0.882860,0.883160,0
20140304 013930600,0.882870,0.883170,0
20140304 013930973,0.882910,0.883210,0
20140304 013931647,0.882920,0.883220,0
20140304 013933020,0.882910,0.883210,0
20140304 013933363,0.882920,0.883220,0
20140304 013934723,0.882910,0.883210,0
20140304 013935083,0.882920,0.883220,0
20140304 013935757,0.882910,0.883210,0
20140304 013936457,0.882920,0.883220,0
20140304 013936803,0.882910,0.883210,0
20140304 013938177,0.882920,0.883220,0
20140304 013945397,0.882900,0.883200,0
20140304 013947787,0.882910,0.883210,0
20140304 013948147,0.882900,0.883200,0
20140304 013948490,0.882880,0.883180,0
20140304 013957787,0.882840,0.883140,0
20140304 013958113,0.882850,0.883150,0
20140304 014003943,0.882840,0.883140,0
20140304 014005333,0.882850,0.883150,0
20140304 014009113,0.882860,0.883160,0
20140304 014012537,0.882850,0.883150,0
20140304 014012897,0.882840,0.883140,0
20140304 014015660,0.882830,0.883130,0
20140304 014018410,0.882820,0.883120,0
20140304 014018740,0.882830,0.883130,0
20140304 014021490,0.882820,0.883120,0
20140304 014021817,0.882830,0.883130,0
20140304 014023553,0.882820,0.883120,0
20140304 014023897,0.882830,0.883130,0
20140304 014024240,0.882820,0.883120,0
20140304 014025943,0.882830,0.883130,0
20140304 014030427,0.882820,0.883120,0
20140304 014030770,0.882810,0.883110,0
20140304 014036613,0.882820,0.883120,0
20140304 014036957,0.882810,0.883110,0
20140304 014039020,0.882820,0.883120,0
20140304 014039707,0.882810,0.883110,0
20140304 014041083,0.882820,0.883120,0
20140304 014042803,0.882810,0.883110,0
20140304 014045567,0.882820,0.883120,0
20140304 014051380,0.882810,0.883110,0
20140304 014051740,0.882790,0.883090,0
20140304 014109613,0.882800,0.883100,0
20140304 014113740,0.882790,0.883090,0
20140304 014114083,0.882800,0.883100,0
20140304 014115457,0.882790,0.883090,0
20140304 014118207,0.882800,0.883100,0
20140304 014118553,0.882790,0.883090,0
20140304 014119223,0.882800,0.883100,0
20140304 014122317,0.882790,0.883090,0
20140304 014128863,0.882800,0.883100,0
20140304 014129880,0.882790,0.883090,0
20140304 014138130,0.882810,0.883110,0
20140304 014138833,0.882790,0.883090,0
20140304 014140193,0.882830,0.883130,0
20140304 014144333,0.882840,0.883140,0
20140304 014147083,0.882850,0.883150,0
20140304 014147427,0.882860,0.883160,0
20140304 014147770,0.882900,0.883200,0
20140304 014148113,0.882910,0.883210,0
20140304 014148443,0.882930,0.883230,0
20140304 014149833,0.882920,0.883220,0
20140304 014150177,0.882930,0.883230,0
20140304 014152927,0.882910,0.883210,0
20140304 014153957,0.882920,0.883220,0
20140304 014155333,0.882910,0.883210,0
20140304 014156020,0.882920,0.883220,0
20140304 014203223,0.882930,0.883230,0
20140304 014204943,0.882940,0.883240,0
20140304 014206333,0.882960,0.883260,0
20140304 014207007,0.882970,0.883270,0
20140304 014208053,0.882980,0.883280,0
20140304 014208397,0.882970,0.883270,0
20140304 014209427,0.882960,0.883260,0
20140304 014211490,0.882940,0.883240,0
20140304 014212520,0.882930,0.883230,0
20140304 014212863,0.882900,0.883200,0
20140304 014227303,0.882890,0.883190,0
20140304 014231770,0.882900,0.883200,0
20140304 014232457,0.882910,0.883210,0
20140304 014232787,0.882900,0.883200,0
20140304 014233130,0.882910,0.883210,0
20140304 014233817,0.882900,0.883200,0
20140304 014241037,0.882910,0.883210,0
20140304 014241380,0.882900,0.883200,0
20140304 014242083,0.882910,0.883210,0
20140304 014245520,0.882900,0.883200,0
20140304 014249973,0.882880,0.883180,0
20140304 014250363,0.882870,0.883170,0
20140304 014251020,0.882860,0.883160,0
20140304 014251363,0.882820,0.883120,0
20140304 014251693,0.882790,0.883090,0
20140304 014252740,0.882780,0.883080,0
20140304 014311647,0.882790,0.883090,0
20140304 014312677,0.882800,0.883100,0
20140304 014313007,0.882810,0.883110,0
20140304 014313363,0.882800,0.883100,0
20140304 014314037,0.882820,0.883120,0
20140304 014314397,0.882830,0.883130,0
20140304 014315067,0.882820,0.883120,0
20140304 014315427,0.882830,0.883130,0
20140304 014318863,0.882810,0.883110,0
20140304 014319207,0.882820,0.883120,0
20140304 014321943,0.882810,0.883110,0
20140304 014322303,0.882820,0.883120,0
20140304 014324350,0.882810,0.883110,0
20140304 014325037,0.882800,0.883100,0
20140304 014326427,0.882810,0.883110,0
20140304 014336397,0.882800,0.883100,0
20140304 014336740,0.882790,0.883090,0
20140304 014337083,0.882800,0.883100,0
20140304 014339833,0.882820,0.883120,0
20140304 014342927,0.882810,0.883110,0
20140304 014344990,0.882820,0.883120,0
20140304 014345333,0.882840,0.883140,0
20140304 014350850,0.882850,0.883150,0
20140304 014358053,0.882840,0.883140,0
20140304 014402160,0.882850,0.883150,0
20140304 014403193,0.882870,0.883170,0
20140304 014404223,0.882860,0.883160,0
20140304 014408707,0.882870,0.883170,0
20140304 014410427,0.882880,0.883180,0
20140304 014439303,0.882870,0.883170,0
20140304 014449613,0.882880,0.883180,0
20140304 014449957,0.882910,0.883210,0
20140304 014450303,0.882920,0.883220,0
20140304 014450647,0.882910,0.883210,0
20140304 014452020,0.882920,0.883220,0
20140304 014508863,0.882910,0.883210,0
20140304 014509207,0.882920,0.883220,0
20140304 014512647,0.882910,0.883210,0
20140304 014512990,0.882920,0.883220,0
20140304 014515397,0.882910,0.883210,0
20140304 014518130,0.882890,0.883190,0
20140304 014521567,0.882870,0.883170,0
20140304 014522270,0.882880,0.883180,0
20140304 014527787,0.882900,0.883200,0
20140304 014533613,0.882870,0.883170,0
20140304 014533957,0.882900,0.883200,0
20140304 014534303,0.882890,0.883190,0
20140304 014534630,0.882900,0.883200,0
20140304 014536363,0.882890,0.883190,0
20140304 014538067,0.882880,0.883180,0
20140304 014546333,0.882890,0.883190,0
20140304 014546660,0.882900,0.883200,0
20140304 014548037,0.882910,0.883210,0
20140304 014551473,0.882900,0.883200,0
20140304 014551817,0.882910,0.883210,0
20140304 014556287,0.882930,0.883230,0
20140304 014556990,0.882990,0.883290,0
20140304 014601100,0.883000,0.883300,0
20140304 014605223,0.882990,0.883290,0
20140304 014605567,0.883000,0.883300,0
20140304 014611410,0.882990,0.883290,0
20140304 014611770,0.883000,0.883300,0
20140304 014614160,0.882990,0.883290,0
20140304 014614850,0.883000,0.883300,0
20140304 014617257,0.882990,0.883290,0
20140304 014620693,0.883000,0.883300,0
20140304 014621037,0.882990,0.883290,0
20140304 014621380,0.883000,0.883300,0
20140304 014622083,0.882980,0.883280,0
20140304 014622427,0.882920,0.883220,0
20140304 014623443,0.882900,0.883200,0
20140304 014623787,0.882910,0.883210,0
20140304 014641660,0.882900,0.883200,0
20140304 014642007,0.882910,0.883210,0
20140304 014642350,0.882900,0.883200,0
20140304 014642693,0.882910,0.883210,0
20140304 014645443,0.882900,0.883200,0
20140304 014645787,0.882910,0.883210,0
20140304 014706410,0.882920,0.883220,0
20140304 014706757,0.882930,0.883230,0
20140304 014708817,0.882970,0.883270,0
20140304 014709177,0.882990,0.883290,0
20140304 014733567,0.882980,0.883280,0
20140304 014805193,0.882970,0.883270,0
20140304 014805537,0.882980,0.883280,0
20140304 014812083,0.882990,0.883290,0
20140304 014816897,0.883000,0.883300,0
20140304 014817257,0.882990,0.883290,0
20140304 014817583,0.883060,0.883360,0
20140304 014838193,0.883050,0.883350,0
20140304 014841287,0.883040,0.883340,0
20140304 014841630,0.883050,0.883350,0
20140304 014841973,0.883040,0.883340,0
20140304 014842333,0.883050,0.883350,0
20140304 014842677,0.882990,0.883290,0
20140304 014847833,0.882970,0.883270,0
20140304 014849193,0.882980,0.883280,0
20140304 014850583,0.882960,0.883260,0
20140304 014850927,0.882970,0.883270,0
20140304 014854363,0.882950,0.883250,0
20140304 014858130,0.882960,0.883260,0
20140304 014859160,0.882950,0.883250,0
20140304 014936973,0.882940,0.883240,0
20140304 014943863,0.882920,0.883220,0
20140304 014944207,0.882900,0.883200,0
20140304 014947630,0.882890,0.883190,0
20140304 014948660,0.882900,0.883200,0
20140304 014950723,0.882890,0.883190,0
20140304 014954507,0.882910,0.883210,0
20140304 015004817,0.882920,0.883220,0
20140304 015005160,0.882970,0.883270,0
20140304 015005507,0.882980,0.883280,0
20140304 015009427,0.882970,0.883270,0
20140304 015009630,0.882980,0.883280,0
20140304 015014457,0.883040,0.883340,0
20140304 015014787,0.883080,0.883380,0
20140304 015015130,0.883070,0.883370,0
20140304 015024067,0.883060,0.883360,0
20140304 015028537,0.883070,0.883370,0
20140304 015030600,0.883060,0.883360,0
20140304 015033007,0.883070,0.883370,0
20140304 015033350,0.883100,0.883400,0
20140304 015035067,0.883090,0.883390,0
20140304 015037817,0.883080,0.883380,0
20140304 015038507,0.883060,0.883360,0
20140304 015039880,0.883070,0.883370,0
20140304 015042973,0.883080,0.883380,0
20140304 015052600,0.883050,0.883350,0
20140304 015052943,0.883030,0.883330,0
20140304 015053630,0.883020,0.883320,0
20140304 015055007,0.883040,0.883340,0
20140304 015055350,0.883060,0.883360,0
20140304 015101537,0.883070,0.883370,0
20140304 015104630,0.883080,0.883380,0
20140304 015111160,0.883070,0.883370,0
20140304 015112537,0.883060,0.883360,0
20140304 015118380,0.883050,0.883350,0
20140304 015118723,0.883040,0.883340,0
20140304 015119067,0.883050,0.883350,0
20140304 015119770,0.883040,0.883340,0
20140304 015120113,0.883050,0.883350,0
20140304 015129053,0.883060,0.883360,0
20140304 015140037,0.883050,0.883350,0
20140304 015142100,0.883060,0.883360,0
20140304 015142443,0.883050,0.883350,0
20140304 015142787,0.883040,0.883340,0
20140304 015143130,0.883050,0.883350,0
20140304 015143817,0.883040,0.883340,0
20140304 015145207,0.883070,0.883370,0
20140304 015145537,0.883080,0.883380,0
20140304 015145897,0.883060,0.883360,0
20140304 015149677,0.883040,0.883340,0
20140304 015150020,0.883050,0.883350,0
20140304 015150363,0.883040,0.883340,0
20140304 015150707,0.883020,0.883320,0
20140304 015153803,0.883010,0.883310,0
20140304 015154147,0.883020,0.883320,0
20140304 015154833,0.883010,0.883310,0
20140304 015215100,0.883000,0.883300,0
20140304 015241583,0.883080,0.883380,0
20140304 015244007,0.883030,0.883330,0
20140304 015244677,0.883020,0.883320,0
20140304 015245020,0.883030,0.883330,0
20140304 015246397,0.883020,0.883320,0
20140304 015306333,0.883030,0.883330,0
20140304 015306677,0.883040,0.883340,0
20140304 015323177,0.883060,0.883360,0
20140304 015327973,0.883050,0.883350,0
20140304 015329693,0.883060,0.883360,0
20140304 015403053,0.883100,0.883400,0
20140304 015403397,0.883110,0.883410,0
20140304 015403757,0.883070,0.883370,0
20140304 015404067,0.883060,0.883360,0
20140304 015404427,0.883070,0.883370,0
20140304 015407863,0.883080,0.883380,0
20140304 015422973,0.883070,0.883370,0
20140304 015431223,0.883080,0.883380,0
20140304 015432613,0.883070,0.883370,0
20140304 015434677,0.883080,0.883380,0
20140304 015436397,0.883070,0.883370,0
20140304 015438457,0.883080,0.883380,0
20140304 015440520,0.883070,0.883370,0
20140304 015442567,0.883080,0.883380,0
20140304 015502520,0.883100,0.883400,0
20140304 015502850,0.883110,0.883410,0
20140304 015503207,0.883090,0.883390,0
20140304 015507677,0.883100,0.883400,0
20140304 015521083,0.883090,0.883390,0
20140304 015541007,0.883080,0.883380,0
20140304 015542380,0.883070,0.883370,0
20140304 015543067,0.883080,0.883380,0
20140304 015546850,0.883090,0.883390,0
20140304 015547193,0.883080,0.883380,0
20140304 015548910,0.883090,0.883390,0
20140304 015550630,0.883080,0.883380,0
20140304 015553723,0.883090,0.883390,0
20140304 015555100,0.883080,0.883380,0
20140304 015557507,0.883090,0.883390,0
20140304 015601287,0.883080,0.883380,0
20140304 015602660,0.883090,0.883390,0
20140304 015603350,0.883080,0.883380,0
20140304 015606787,0.883100,0.883400,0
20140304 015609193,0.883090,0.883390,0
20140304 015627410,0.883080,0.883380,0
20140304 015628130,0.883060,0.883360,0
20140304 015628473,0.883020,0.883320,0
20140304 015628803,0.883010,0.883310,0
20140304 015629147,0.882980,0.883280,0
20140304 015647723,0.882970,0.883270,0
20140304 015649100,0.882980,0.883280,0
20140304 015649427,0.882970,0.883270,0
20140304 015649770,0.882950,0.883250,0
20140304 015651147,0.882940,0.883240,0
20140304 015651833,0.882920,0.883220,0
20140304 015700083,0.882930,0.883230,0
20140304 015708333,0.882920,0.883220,0
20140304 015708660,0.882930,0.883230,0
20140304 015709350,0.882920,0.883220,0
20140304 015710380,0.882930,0.883230,0
20140304 015711770,0.882920,0.883220,0
20140304 015714160,0.882930,0.883230,0
20140304 015719333,0.882940,0.883240,0
20140304 015728943,0.882960,0.883260,0
20140304 015732037,0.882980,0.883280,0
20140304 015732410,0.882990,0.883290,0
20140304 015732740,0.883000,0.883300,0
20140304 015740317,0.882990,0.883290,0
20140304 015740660,0.883000,0.883300,0
20140304 015740990,0.883020,0.883320,0
20140304 015741317,0.883030,0.883330,0
20140304 015742350,0.883020,0.883320,0
20140304 015744443,0.883030,0.883330,0
20140304 015745100,0.883020,0.883320,0
20140304 015746490,0.883030,0.883330,0
20140304 015748193,0.882990,0.883290,0
20140304 015749223,0.883000,0.883300,0
20140304 015749567,0.882990,0.883290,0
20140304 015754723,0.883000,0.883300,0
20140304 015756100,0.882990,0.883290,0
20140304 015756457,0.882970,0.883270,0
20140304 015758850,0.882980,0.883280,0
20140304 015800927,0.883040,0.883340,0
20140304 015801257,0.883050,0.883350,0
20140304 015801600,0.883070,0.883370,0
20140304 015813973,0.883080,0.883380,0
20140304 015814317,0.883070,0.883370,0
20140304 015814660,0.883080,0.883380,0
20140304 015815007,0.883070,0.883370,0
20140304 015815350,0.883080,0.883380,0
20140304 015818787,0.883070,0.883370,0
20140304 015820160,0.883080,0.883380,0
20140304 015826707,0.883100,0.883400,0
20140304 015827053,0.883130,0.883430,0
20140304 015828770,0.883160,0.883460,0
20140304 015840787,0.883180,0.883480,0
20140304 015841130,0.883170,0.883470,0
20140304 015841473,0.883180,0.883480,0
20140304 015842160,0.883170,0.883470,0
20140304 015845600,0.883180,0.883480,0
20140304 015848007,0.883170,0.883470,0
20140304 015854207,0.883150,0.883450,0
20140304 015856257,0.883170,0.883470,0
20140304 015907600,0.883150,0.883450,0
20140304 015912083,0.883160,0.883460,0
20140304 015912427,0.883180,0.883480,0
20140304 015913457,0.883170,0.883470,0
20140304 015913803,0.883180,0.883480,0
20140304 015917583,0.883170,0.883470,0
20140304 015921350,0.883180,0.883480,0
20140304 015921693,0.883170,0.883470,0
20140304 015922067,0.883140,0.883440,0
20140304 015924443,0.883150,0.883450,0
20140304 015924803,0.883140,0.883440,0
20140304 015925147,0.883150,0.883450,0
20140304 015925490,0.883140,0.883440,0
20140304 015926863,0.883150,0.883450,0
20140304 015928240,0.883140,0.883440,0
20140304 015929957,0.883170,0.883470,0
20140304 015930303,0.883190,0.883490,0
20140304 015932007,0.883200,0.883500,0
20140304 015936147,0.883190,0.883490,0
20140304 015936817,0.883180,0.883480,0
20140304 015943363,0.883200,0.883500,0
20140304 015944397,0.883210,0.883510,0
20140304 015945067,0.883200,0.883500,0
20140304 015947473,0.883220,0.883520,0
20140304 015947817,0.883240,0.883540,0
20140304 015948850,0.883230,0.883530,0
20140304 015951630,0.883210,0.883510,0
20140304 015951957,0.883200,0.883500,0
20140304 015954020,0.883210,0.883510,0
20140304 015959507,0.883220,0.883520,0
20140304 015959850,0.883230,0.883530,0
20140304 020000223,0.883280,0.883580,0
20140304 020001583,0.883290,0.883590,0
20140304 020003647,0.883300,0.883600,0
20140304 020003990,0.883310,0.883610,0
20140304 020006740,0.883320,0.883620,0
20140304 020007067,0.883310,0.883610,0
20140304 020007410,0.883320,0.883620,0
20140304 020009490,0.883310,0.883610,0
20140304 020014287,0.883320,0.883620,0
20140304 020022553,0.883310,0.883610,0
20140304 020023240,0.883300,0.883600,0
20140304 020023567,0.883310,0.883610,0
20140304 020023910,0.883300,0.883600,0
20140304 020027020,0.883310,0.883610,0
20140304 020027363,0.883300,0.883600,0
20140304 020034927,0.883290,0.883590,0
20140304 020035270,0.883280,0.883580,0
20140304 020035613,0.883290,0.883590,0
20140304 020035957,0.883280,0.883580,0
20140304 020038007,0.883260,0.883560,0
20140304 020038363,0.883250,0.883550,0
20140304 020038693,0.883230,0.883530,0
20140304 020039427,0.883220,0.883520,0
20140304 020039723,0.883230,0.883530,0
20140304 020040757,0.883240,0.883540,0
20140304 020041787,0.883230,0.883530,0
20140304 020043520,0.883240,0.883540,0
20140304 020044537,0.883230,0.883530,0
20140304 020051770,0.883240,0.883540,0
20140304 020052787,0.883250,0.883550,0
20140304 020053817,0.883260,0.883560,0
20140304 020054160,0.883250,0.883550,0
20140304 020055910,0.883270,0.883570,0
20140304 020057257,0.883300,0.883600,0
20140304 020058287,0.883310,0.883610,0
20140304 020058647,0.883300,0.883600,0
20140304 020058973,0.883310,0.883610,0
20140304 020100363,0.883320,0.883620,0
20140304 020101067,0.883350,0.883650,0
20140304 020101397,0.883380,0.883680,0
20140304 020101740,0.883390,0.883690,0
20140304 020102083,0.883410,0.883710,0
20140304 020103817,0.883420,0.883720,0
20140304 020104473,0.883410,0.883710,0
20140304 020106240,0.883400,0.883700,0
20140304 020110317,0.883390,0.883690,0
20140304 020111007,0.883400,0.883700,0
20140304 020112723,0.883380,0.883680,0
20140304 020115147,0.883400,0.883700,0
20140304 020119943,0.883410,0.883710,0
20140304 020120303,0.883400,0.883700,0
20140304 020122037,0.883380,0.883680,0
20140304 020124427,0.883370,0.883670,0
20140304 020124770,0.883380,0.883680,0
20140304 020125803,0.883370,0.883670,0
20140304 020126147,0.883380,0.883680,0
20140304 020126473,0.883370,0.883670,0
20140304 020126833,0.883380,0.883680,0
20140304 020133363,0.883360,0.883660,0
20140304 020133723,0.883330,0.883630,0
20140304 020134053,0.883320,0.883620,0
20140304 020138160,0.883340,0.883640,0
20140304 020140257,0.883350,0.883650,0
20140304 020140600,0.883360,0.883660,0
20140304 020140927,0.883380,0.883680,0
20140304 020141973,0.883410,0.883710,0
20140304 020142317,0.883400,0.883700,0
20140304 020143677,0.883410,0.883710,0
20140304 020144020,0.883420,0.883720,0
20140304 020147457,0.883430,0.883730,0
20140304 020147803,0.883420,0.883720,0
20140304 020148130,0.883410,0.883710,0
20140304 020148490,0.883420,0.883720,0
20140304 020148833,0.883400,0.883700,0
20140304 020157787,0.883440,0.883740,0
20140304 020200177,0.883460,0.883760,0
20140304 020200863,0.883450,0.883750,0
20140304 020201207,0.883460,0.883760,0
20140304 020205677,0.883450,0.883750,0
20140304 020210490,0.883430,0.883730,0
20140304 020210833,0.883440,0.883740,0
20140304 020212567,0.883420,0.883720,0
20140304 020212897,0.883390,0.883690,0
20140304 020214270,0.883400,0.883700,0
20140304 020215630,0.883410,0.883710,0
20140304 020217707,0.883400,0.883700,0
20140304 020221507,0.883370,0.883670,0
20140304 020221850,0.883380,0.883680,0
20140304 020222177,0.883370,0.883670,0
20140304 020222520,0.883360,0.883660,0
20140304 020224943,0.883350,0.883650,0
20140304 020225287,0.883320,0.883620,0
20140304 020225957,0.883300,0.883600,0
20140304 020226287,0.883290,0.883590,0
20140304 020226647,0.883280,0.883580,0
20140304 020229397,0.883290,0.883590,0
20140304 020231457,0.883300,0.883600,0
20140304 020237630,0.883310,0.883610,0
20140304 020242787,0.883320,0.883620,0
20140304 020243147,0.883340,0.883640,0
20140304 020243490,0.883330,0.883630,0
20140304 020302053,0.883310,0.883610,0
20140304 020305817,0.883300,0.883600,0
20140304 020307553,0.883290,0.883590,0
20140304 020307897,0.883300,0.883600,0
20140304 020311660,0.883290,0.883590,0
20140304 020316507,0.883270,0.883570,0
20140304 020316833,0.883240,0.883540,0
20140304 020317193,0.883210,0.883510,0
20140304 020317520,0.883220,0.883520,0
20140304 020320270,0.883210,0.883510,0
20140304 020321317,0.883220,0.883520,0
20140304 020321647,0.883210,0.883510,0
20140304 020323020,0.883220,0.883520,0
20140304 020324723,0.883210,0.883510,0
20140304 020325083,0.883220,0.883520,0
20140304 020325427,0.883210,0.883510,0
20140304 020326787,0.883220,0.883520,0
20140304 020335723,0.883210,0.883510,0
20140304 020336083,0.883220,0.883520,0
20140304 020340553,0.883240,0.883540,0
20140304 020340897,0.883260,0.883560,0
20140304 020342270,0.883250,0.883550,0
20140304 020342613,0.883230,0.883530,0
20140304 020343973,0.883250,0.883550,0
20140304 020345020,0.883220,0.883520,0
20140304 020346740,0.883230,0.883530,0
20140304 020349833,0.883220,0.883520,0
20140304 020351223,0.883210,0.883510,0
20140304 020352223,0.883200,0.883500,0
20140304 020352583,0.883180,0.883480,0
20140304 020353270,0.883190,0.883490,0
20140304 020354647,0.883200,0.883500,0
20140304 020355317,0.883220,0.883520,0
20140304 020359457,0.883210,0.883510,0
20140304 020359803,0.883220,0.883520,0
20140304 020400490,0.883210,0.883510,0
20140304 020402553,0.883220,0.883520,0
20140304 020404257,0.883210,0.883510,0
20140304 020427990,0.883220,0.883520,0
