20140305 000001407,0.887540,0.887840,0
20140305 000001767,0.887530,0.887830,0
20140305 000002437,0.887500,0.887800,0
20140305 000004517,0.887470,0.887770,0
20140305 000005890,0.887460,0.887760,0
20140305 000010703,0.887450,0.887750,0
20140305 000012077,0.887440,0.887740,0
20140305 000012420,0.887430,0.887730,0
20140305 000025157,0.887440,0.887740,0
20140305 000025483,0.887420,0.887720,0
20140305 000030297,0.887450,0.887750,0
20140305 000100547,0.887460,0.887760,0
20140305 000120483,0.887450,0.887750,0
20140305 000121187,0.887440,0.887740,0
20140305 000129407,0.887430,0.887730,0
20140305 000136983,0.887420,0.887720,0
20140305 000144873,0.887410,0.887710,0
20140305 000209297,0.887430,0.887730,0
20140305 000209640,0.887440,0.887740,0
20140305 000210657,0.887430,0.887730,0
20140305 000211000,0.887440,0.887740,0
20140305 000214453,0.887430,0.887730,0
20140305 000214780,0.887440,0.887740,0
20140305 000216500,0.887430,0.887730,0
20140305 000230593,0.887440,0.887740,0
20140305 000237140,0.887430,0.887730,0
20140305 000240907,0.887410,0.887710,0
20140305 000241267,0.887400,0.887700,0
20140305 000255357,0.887380,0.887680,0
20140305 000255687,0.887370,0.887670,0
20140305 000259827,0.887390,0.887690,0
20140305 000300843,0.887410,0.887710,0
20140305 000319420,0.887420,0.887720,0
20140305 000319767,0.887440,0.887740,0
20140305 000320453,0.887450,0.887750,0
20140305 000330077,0.887440,0.887740,0
20140305 000330420,0.887430,0.887730,0
20140305 000331453,0.887440,0.887740,0
20140305 000337983,0.887410,0.887710,0
20140305 000339170,0.887430,0.887730,0
20140305 000342093,0.887470,0.887770,0
20140305 000342453,0.887440,0.887740,0
20140305 000344157,0.887470,0.887770,0
20140305 000344500,0.887480,0.887780,0
20140305 000347953,0.887450,0.887750,0
20140305 000348297,0.887440,0.887740,0
20140305 000348640,0.887450,0.887750,0
20140305 000348983,0.887460,0.887760,0
20140305 000350687,0.887500,0.887800,0
20140305 000351390,0.887480,0.887780,0
20140305 000400657,0.887460,0.887760,0
20140305 000401687,0.887470,0.887770,0
20140305 000403407,0.887490,0.887790,0
20140305 000409267,0.887520,0.887820,0
20140305 000420607,0.887550,0.887850,0
20140305 000420953,0.887540,0.887840,0
20140305 000435717,0.887550,0.887850,0
20140305 000441920,0.887540,0.887840,0
20140305 000443297,0.887530,0.887830,0
20140305 000445017,0.887520,0.887820,0
20140305 000445357,0.887540,0.887840,0
20140305 000445687,0.887530,0.887830,0
20140305 000449157,0.887540,0.887840,0
20140305 000510780,0.887520,0.887820,0
20140305 000512170,0.887490,0.887790,0
20140305 000517657,0.887470,0.887770,0
20140305 000518017,0.887460,0.887760,0
20140305 000521107,0.887440,0.887740,0
20140305 000521437,0.887400,0.887700,0
20140305 000521780,0.887410,0.887710,0
20140305 000527983,0.887390,0.887690,0
20140305 000528327,0.887350,0.887650,0
20140305 000528670,0.887340,0.887640,0
20140305 000530047,0.887350,0.887650,0
20140305 000530373,0.887370,0.887670,0
20140305 000530733,0.887360,0.887660,0
20140305 000534843,0.887370,0.887670,0
20140305 000549297,0.887420,0.887720,0
20140305 000549640,0.887430,0.887730,0
20140305 000551017,0.887440,0.887740,0
20140305 000559607,0.887450,0.887750,0
20140305 000559953,0.887460,0.887760,0
20140305 000605453,0.887480,0.887780,0
20140305 000605797,0.887510,0.887810,0
20140305 000606140,0.887520,0.887820,0
20140305 000614047,0.887490,0.887790,0
20140305 000615750,0.887510,0.887810,0
20140305 000617810,0.887490,0.887790,0
20140305 000618157,0.887470,0.887770,0
20140305 000618500,0.887460,0.887760,0
20140305 000618843,0.887470,0.887770,0
20140305 000620920,0.887440,0.887740,0
20140305 000646687,0.887430,0.887730,0
20140305 000649780,0.887410,0.887710,0
20140305 000650123,0.887400,0.887700,0
20140305 000651843,0.887380,0.887680,0
20140305 000652530,0.887370,0.887670,0
20140305 000653217,0.887360,0.887660,0
20140305 000653907,0.887370,0.887670,0
20140305 000657000,0.887390,0.887690,0
20140305 000657343,0.887370,0.887670,0
20140305 000658030,0.887350,0.887650,0
20140305 000700093,0.887340,0.887640,0
20140305 000702157,0.887350,0.887650,0
20140305 000702500,0.887360,0.887660,0
20140305 000708000,0.887350,0.887650,0
20140305 000708343,0.887340,0.887640,0
20140305 000714530,0.887360,0.887660,0
20140305 000714873,0.887370,0.887670,0
20140305 000727593,0.887380,0.887680,0
20140305 000731047,0.887350,0.887650,0
20140305 000734123,0.887360,0.887660,0
20140305 000734467,0.887370,0.887670,0
20140305 000735843,0.887360,0.887660,0
20140305 000736530,0.887350,0.887650,0
20140305 000739640,0.887370,0.887670,0
20140305 000739967,0.887380,0.887680,0
20140305 000740310,0.887390,0.887690,0
20140305 000745810,0.887380,0.887680,0
20140305 000750280,0.887390,0.887690,0
20140305 000754750,0.887370,0.887670,0
20140305 000803000,0.887360,0.887660,0
20140305 000805407,0.887350,0.887650,0
20140305 000810217,0.887360,0.887660,0
20140305 000810560,0.887370,0.887670,0
20140305 000812297,0.887380,0.887680,0
20140305 000816060,0.887390,0.887690,0
20140305 000820890,0.887380,0.887680,0
20140305 000821593,0.887410,0.887710,0
20140305 000834280,0.887390,0.887690,0
20140305 000836703,0.887380,0.887680,0
20140305 000837030,0.887350,0.887650,0
20140305 000841157,0.887370,0.887670,0
20140305 000850093,0.887380,0.887680,0
20140305 000854233,0.887390,0.887690,0
20140305 000854560,0.887410,0.887710,0
20140305 000856623,0.887390,0.887690,0
20140305 000856983,0.887380,0.887680,0
20140305 000902827,0.887370,0.887670,0
20140305 000907297,0.887380,0.887680,0
20140305 000907967,0.887390,0.887690,0
20140305 000914500,0.887380,0.887680,0
20140305 000917267,0.887400,0.887700,0
20140305 000917607,0.887410,0.887710,0
20140305 000922780,0.887400,0.887700,0
20140305 000923093,0.887380,0.887680,0
20140305 000931017,0.887370,0.887670,0
20140305 000931343,0.887390,0.887690,0
20140305 000931703,0.887400,0.887700,0
20140305 000938560,0.887370,0.887670,0
20140305 000952327,0.887380,0.887680,0
20140305 000953017,0.887410,0.887710,0
20140305 000958843,0.887420,0.887720,0
20140305 001000217,0.887410,0.887710,0
20140305 001000577,0.887420,0.887720,0
20140305 001002983,0.887410,0.887710,0
20140305 001004703,0.887420,0.887720,0
20140305 001005047,0.887430,0.887730,0
20140305 001005390,0.887450,0.887750,0
20140305 001006420,0.887440,0.887740,0
20140305 001008483,0.887450,0.887750,0
20140305 001008827,0.887460,0.887760,0
20140305 001013967,0.887480,0.887780,0
20140305 001016733,0.887410,0.887710,0
20140305 001017060,0.887400,0.887700,0
20140305 001021530,0.887370,0.887670,0
20140305 001021873,0.887340,0.887640,0
20140305 001022233,0.887330,0.887630,0
20140305 001023267,0.887310,0.887610,0
20140305 001027373,0.887270,0.887570,0
20140305 001027717,0.887280,0.887580,0
20140305 001033577,0.887270,0.887570,0
20140305 001033920,0.887260,0.887560,0
20140305 001034607,0.887270,0.887570,0
20140305 001034937,0.887280,0.887580,0
20140305 001049373,0.887310,0.887610,0
20140305 001049717,0.887340,0.887640,0
20140305 001050060,0.887360,0.887660,0
20140305 001051093,0.887370,0.887670,0
20140305 001051437,0.887380,0.887680,0
20140305 001057967,0.887370,0.887670,0
20140305 001101780,0.887350,0.887650,0
20140305 001102093,0.887330,0.887630,0
20140305 001106233,0.887320,0.887620,0
20140305 001109657,0.887330,0.887630,0
20140305 001112420,0.887300,0.887600,0
20140305 001112750,0.887320,0.887620,0
20140305 001113780,0.887300,0.887600,0
20140305 001141280,0.887310,0.887610,0
20140305 001143357,0.887300,0.887600,0
20140305 001159157,0.887320,0.887620,0
20140305 001159500,0.887330,0.887630,0
20140305 001200530,0.887320,0.887620,0
20140305 001205703,0.887320,0.887620,0
20140305 001209140,0.887370,0.887670,0
20140305 001209483,0.887380,0.887680,0
20140305 001216703,0.887370,0.887670,0
20140305 001217373,0.887380,0.887680,0
20140305 001219437,0.887390,0.887690,0
20140305 001226310,0.887400,0.887700,0
20140305 001230437,0.887420,0.887720,0
20140305 001232157,0.887410,0.887710,0
20140305 001237000,0.887400,0.887700,0
20140305 001237343,0.887390,0.887690,0
20140305 001237670,0.887380,0.887680,0
20140305 001241093,0.887350,0.887650,0
20140305 001246593,0.887320,0.887620,0
20140305 001246953,0.887310,0.887610,0
20140305 001247297,0.887300,0.887600,0
20140305 001248327,0.887290,0.887590,0
20140305 001248670,0.887280,0.887580,0
20140305 001249357,0.887290,0.887590,0
20140305 001258297,0.887280,0.887580,0
20140305 001258967,0.887290,0.887590,0
20140305 001300017,0.887280,0.887580,0
20140305 001303453,0.887260,0.887560,0
20140305 001303780,0.887240,0.887540,0
20140305 001304157,0.887200,0.887500,0
20140305 001304827,0.887180,0.887480,0
20140305 001305157,0.887190,0.887490,0
20140305 001305500,0.887180,0.887480,0
20140305 001305843,0.887160,0.887460,0
20140305 001306187,0.887150,0.887450,0
20140305 001307217,0.887160,0.887460,0
20140305 001307560,0.887180,0.887480,0
20140305 001308267,0.887190,0.887490,0
20140305 001309623,0.887160,0.887460,0
20140305 001313060,0.887190,0.887490,0
20140305 001316157,0.887210,0.887510,0
20140305 001316500,0.887220,0.887520,0
20140305 001318560,0.887240,0.887540,0
20140305 001318907,0.887230,0.887530,0
20140305 001322687,0.887210,0.887510,0
20140305 001323030,0.887190,0.887490,0
20140305 001325093,0.887180,0.887480,0
20140305 001327843,0.887170,0.887470,0
20140305 001329907,0.887160,0.887460,0
20140305 001330267,0.887150,0.887450,0
20140305 001330593,0.887130,0.887430,0
20140305 001331623,0.887120,0.887420,0
20140305 001334030,0.887180,0.887480,0
20140305 001334373,0.887200,0.887500,0
20140305 001339187,0.887230,0.887530,0
20140305 001339530,0.887220,0.887520,0
20140305 001344343,0.887240,0.887540,0
20140305 001344687,0.887270,0.887570,0
20140305 001347780,0.887310,0.887610,0
20140305 001351217,0.887300,0.887600,0
20140305 001353297,0.887290,0.887590,0
20140305 001353640,0.887280,0.887580,0
20140305 001408420,0.887270,0.887570,0
20140305 001410483,0.887290,0.887590,0
20140305 001411857,0.887280,0.887580,0
20140305 001413920,0.887290,0.887590,0
20140305 001415297,0.887280,0.887580,0
20140305 001425267,0.887300,0.887600,0
20140305 001430420,0.887270,0.887570,0
20140305 001521983,0.887280,0.887580,0
20140305 001528517,0.887260,0.887560,0
20140305 001532983,0.887240,0.887540,0
20140305 001534017,0.887250,0.887550,0
20140305 001539500,0.887240,0.887540,0
20140305 001543280,0.887250,0.887550,0
20140305 001552560,0.887240,0.887540,0
20140305 001552907,0.887250,0.887550,0
20140305 001555657,0.887240,0.887540,0
20140305 001556000,0.887250,0.887550,0
20140305 001557390,0.887210,0.887510,0
20140305 001557717,0.887200,0.887500,0
20140305 001602530,0.887190,0.887490,0
20140305 001606657,0.887180,0.887480,0
20140305 001607687,0.887200,0.887500,0
20140305 001608030,0.887190,0.887490,0
20140305 001608717,0.887200,0.887500,0
20140305 001631407,0.887190,0.887490,0
20140305 001632780,0.887200,0.887500,0
20140305 001641373,0.887190,0.887490,0
20140305 001643453,0.887200,0.887500,0
20140305 001643797,0.887190,0.887490,0
20140305 001644810,0.887200,0.887500,0
20140305 001647233,0.887190,0.887490,0
20140305 001647577,0.887200,0.887500,0
20140305 001700657,0.887170,0.887470,0
20140305 001701000,0.887160,0.887460,0
20140305 001707857,0.887150,0.887450,0
20140305 001708187,0.887160,0.887460,0
20140305 001713017,0.887140,0.887440,0
20140305 001724343,0.887130,0.887430,0
20140305 001724687,0.887140,0.887440,0
20140305 001824157,0.887140,0.887440,0
20140305 001829327,0.887160,0.887460,0
20140305 001837593,0.887150,0.887450,0
20140305 001840670,0.887140,0.887440,0
20140305 001841703,0.887150,0.887450,0
20140305 001847873,0.887140,0.887440,0
20140305 001848577,0.887150,0.887450,0
20140305 001850280,0.887160,0.887460,0
20140305 001851327,0.887170,0.887470,0
20140305 001852717,0.887180,0.887480,0
20140305 001853047,0.887200,0.887500,0
20140305 001853373,0.887210,0.887510,0
20140305 001859907,0.887220,0.887520,0
20140305 001900267,0.887230,0.887530,0
20140305 002001797,0.887220,0.887520,0
20140305 002020343,0.887230,0.887530,0
20140305 002032373,0.887240,0.887540,0
20140305 002054373,0.887230,0.887530,0
20140305 002101593,0.887240,0.887540,0
20140305 002110890,0.887230,0.887530,0
20140305 002112607,0.887220,0.887520,0
20140305 002112953,0.887210,0.887510,0
20140305 002113297,0.887200,0.887500,0
20140305 002113640,0.887180,0.887480,0
20140305 002116047,0.887190,0.887490,0
20140305 002116373,0.887180,0.887480,0
20140305 002119827,0.887210,0.887510,0
20140305 002225827,0.887210,0.887510,0
20140305 002235453,0.887200,0.887500,0
20140305 002237157,0.887190,0.887490,0
20140305 002237517,0.887200,0.887500,0
20140305 002239577,0.887190,0.887490,0
20140305 002239920,0.887200,0.887500,0
20140305 002247123,0.887200,0.887500,0
20140305 002249873,0.887200,0.887500,0
20140305 002250233,0.887190,0.887490,0
20140305 002251607,0.887200,0.887500,0
20140305 002253670,0.887190,0.887490,0
20140305 002257453,0.887200,0.887500,0
20140305 002307420,0.887200,0.887500,0
20140305 002314623,0.887190,0.887490,0
20140305 002314967,0.887200,0.887500,0
20140305 002315310,0.887190,0.887490,0
20140305 002315657,0.887200,0.887500,0
20140305 002326327,0.887190,0.887490,0
20140305 002334577,0.887200,0.887500,0
20140305 002335967,0.887190,0.887490,0
20140305 002336983,0.887210,0.887510,0
20140305 002341780,0.887240,0.887540,0
20140305 002342157,0.887260,0.887560,0
20140305 002342500,0.887300,0.887600,0
20140305 002349703,0.887320,0.887620,0
20140305 002350030,0.887310,0.887610,0
20140305 002403437,0.887300,0.887600,0
20140305 002405157,0.887290,0.887590,0
20140305 002405517,0.887280,0.887580,0
20140305 002412390,0.887290,0.887590,0
20140305 002453640,0.887280,0.887580,0
20140305 002500517,0.887290,0.887590,0
20140305 002509453,0.887310,0.887610,0
20140305 002510467,0.887300,0.887600,0
20140305 002549170,0.887290,0.887590,0
20140305 002626797,0.887300,0.887600,0
20140305 002630920,0.887280,0.887580,0
20140305 002649827,0.887270,0.887570,0
20140305 002650157,0.887260,0.887560,0
20140305 002701170,0.887250,0.887550,0
20140305 002701500,0.887240,0.887540,0
20140305 002701857,0.887220,0.887520,0
20140305 002704953,0.887250,0.887550,0
20140305 002705280,0.887230,0.887530,0
20140305 002705623,0.887210,0.887510,0
20140305 002707017,0.887200,0.887500,0
20140305 002709420,0.887240,0.887540,0
20140305 002709750,0.887210,0.887510,0
20140305 002711140,0.887240,0.887540,0
20140305 002711827,0.887260,0.887560,0
20140305 002714920,0.887270,0.887570,0
20140305 002715267,0.887280,0.887580,0
20140305 002716983,0.887270,0.887570,0
20140305 002720420,0.887290,0.887590,0
20140305 002720750,0.887300,0.887600,0
20140305 002726607,0.887310,0.887610,0
20140305 002726937,0.887330,0.887630,0
20140305 002733123,0.887320,0.887620,0
20140305 002733467,0.887330,0.887630,0
20140305 002741390,0.887340,0.887640,0
20140305 002745500,0.887330,0.887630,0
20140305 002755140,0.887320,0.887620,0
20140305 002802017,0.887310,0.887610,0
20140305 002814047,0.887270,0.887570,0
20140305 002814390,0.887260,0.887560,0
20140305 002815093,0.887250,0.887550,0
20140305 002815420,0.887220,0.887520,0
20140305 002820577,0.887240,0.887540,0
20140305 002822967,0.887250,0.887550,0
20140305 002826420,0.887270,0.887570,0
20140305 002837407,0.887280,0.887580,0
20140305 002838107,0.887300,0.887600,0
20140305 002838483,0.887310,0.887610,0
20140305 002844640,0.887300,0.887600,0
20140305 002845657,0.887290,0.887590,0
20140305 002846017,0.887250,0.887550,0
20140305 002846357,0.887240,0.887540,0
20140305 002909733,0.887230,0.887530,0
20140305 002914547,0.887240,0.887540,0
20140305 002914890,0.887250,0.887550,0
20140305 002930357,0.887260,0.887560,0
20140305 002932077,0.887270,0.887570,0
20140305 002937907,0.887280,0.887580,0
20140305 002938607,0.887290,0.887590,0
20140305 002939640,0.887280,0.887580,0
20140305 002941703,0.887260,0.887560,0
20140305 002947890,0.887270,0.887570,0
20140305 002951310,0.887290,0.887590,0
20140305 002951670,0.887300,0.887600,0
20140305 002954420,0.887280,0.887580,0
20140305 002954750,0.887270,0.887570,0
20140305 002958203,0.887250,0.887550,0
20140305 002958547,0.887230,0.887530,0
20140305 003008170,0.887190,0.887490,0
20140305 003010560,0.887240,0.887540,0
20140305 003010920,0.887210,0.887510,0
20140305 003011267,0.887240,0.887540,0
20140305 003018467,0.887230,0.887530,0
20140305 003028780,0.887220,0.887520,0
20140305 003031203,0.887230,0.887530,0
20140305 003032233,0.887220,0.887520,0
20140305 003033267,0.887230,0.887530,0
20140305 003042203,0.887240,0.887540,0
20140305 003042547,0.887250,0.887550,0
20140305 003043560,0.887260,0.887560,0
20140305 003046327,0.887280,0.887580,0
20140305 003046670,0.887290,0.887590,0
20140305 003047030,0.887310,0.887610,0
20140305 003059047,0.887320,0.887620,0
20140305 003110030,0.887330,0.887630,0
20140305 003111060,0.887320,0.887620,0
20140305 003113140,0.887310,0.887610,0
20140305 003131017,0.887280,0.887580,0
20140305 003131357,0.887260,0.887560,0
20140305 003131703,0.887250,0.887550,0
20140305 003132047,0.887240,0.887540,0
20140305 003138560,0.887260,0.887560,0
20140305 003138907,0.887270,0.887570,0
20140305 003140623,0.887290,0.887590,0
20140305 003141310,0.887280,0.887580,0
20140305 003145437,0.887290,0.887590,0
20140305 003151967,0.887310,0.887610,0
20140305 003152327,0.887330,0.887630,0
20140305 003153000,0.887340,0.887640,0
20140305 003154717,0.887350,0.887650,0
20140305 003200560,0.887360,0.887660,0
20140305 003201593,0.887370,0.887670,0
20140305 003201937,0.887360,0.887660,0
20140305 003202967,0.887370,0.887670,0
20140305 003215000,0.887350,0.887650,0
20140305 003215343,0.887320,0.887620,0
20140305 003224280,0.887310,0.887610,0
20140305 003224967,0.887290,0.887590,0
20140305 003225310,0.887280,0.887580,0
20140305 003225657,0.887270,0.887570,0
20140305 003227030,0.887250,0.887550,0
20140305 003229797,0.887240,0.887540,0
20140305 003234267,0.887250,0.887550,0
20140305 003240093,0.887270,0.887570,0
20140305 003249047,0.887290,0.887590,0
20140305 003308297,0.887300,0.887600,0
20140305 003327217,0.887310,0.887610,0
20140305 003348157,0.887300,0.887600,0
20140305 003427343,0.887330,0.887630,0
20140305 003436967,0.887340,0.887640,0
20140305 003444873,0.887350,0.887650,0
20140305 003449343,0.887350,0.887650,0
20140305 003507560,0.887340,0.887640,0
20140305 003633157,0.887360,0.887660,0
20140305 003635907,0.887350,0.887650,0
20140305 003636267,0.887360,0.887660,0
20140305 003636593,0.887350,0.887650,0
20140305 003643810,0.887360,0.887660,0
20140305 003644500,0.887350,0.887650,0
20140305 003729170,0.887360,0.887660,0
20140305 003829703,0.887350,0.887650,0
20140305 003911297,0.887340,0.887640,0
20140305 004014547,0.887310,0.887610,0
20140305 004125357,0.887330,0.887630,0
20140305 004201093,0.887320,0.887620,0
20140305 004207297,0.887340,0.887640,0
20140305 004207640,0.887350,0.887650,0
20140305 004307780,0.887340,0.887640,0
20140305 004309170,0.887350,0.887650,0
20140305 004318467,0.887360,0.887660,0
20140305 004318810,0.887390,0.887690,0
20140305 004321890,0.887400,0.887700,0
20140305 004322233,0.887410,0.887710,0
20140305 004323953,0.887420,0.887720,0
20140305 004324280,0.887430,0.887730,0
20140305 004344217,0.887420,0.887720,0
20140305 004357280,0.887430,0.887730,0
20140305 004357657,0.887440,0.887740,0
20140305 004401750,0.887450,0.887750,0
20140305 004507407,0.887460,0.887760,0
20140305 004537657,0.887460,0.887760,0
20140305 004538000,0.887450,0.887750,0
20140305 004638843,0.887440,0.887740,0
20140305 004640560,0.887450,0.887750,0
20140305 004651577,0.887440,0.887740,0
20140305 004658780,0.887430,0.887730,0
20140305 004707373,0.887440,0.887740,0
20140305 004710123,0.887450,0.887750,0
20140305 004724217,0.887460,0.887760,0
20140305 004724560,0.887450,0.887750,0
20140305 004731093,0.887460,0.887760,0
20140305 004739017,0.887450,0.887750,0
20140305 004739357,0.887460,0.887760,0
20140305 004739687,0.887450,0.887750,0
20140305 004740047,0.887460,0.887760,0
20140305 004743140,0.887450,0.887750,0
20140305 004749687,0.887470,0.887770,0
20140305 004750030,0.887500,0.887800,0
20140305 004750343,0.887530,0.887830,0
20140305 004810640,0.887520,0.887820,0
20140305 004831267,0.887530,0.887830,0
20140305 004851187,0.887520,0.887820,0
20140305 004852233,0.887510,0.887810,0
20140305 005000297,0.887520,0.887820,0
20140305 005014060,0.887500,0.887800,0
20140305 005014407,0.887510,0.887810,0
20140305 005014733,0.887500,0.887800,0
20140305 005039483,0.887510,0.887810,0
20140305 005100107,0.887520,0.887820,0
20140305 005154077,0.887540,0.887840,0
20140305 005154750,0.887520,0.887820,0
20140305 005156483,0.887540,0.887840,0
20140305 005201310,0.887550,0.887850,0
20140305 005201640,0.887570,0.887870,0
20140305 005201983,0.887580,0.887880,0
20140305 005202670,0.887590,0.887890,0
20140305 005207483,0.887580,0.887880,0
20140305 005210920,0.887590,0.887890,0
20140305 005214017,0.887580,0.887880,0
20140305 005214343,0.887560,0.887860,0
20140305 005217107,0.887570,0.887870,0
20140305 005233593,0.887580,0.887880,0
20140305 005236373,0.887590,0.887890,0
20140305 005248390,0.887600,0.887900,0
20140305 005306607,0.887590,0.887890,0
20140305 005312453,0.887590,0.887890,0
20140305 005314517,0.887600,0.887900,0
20140305 005314857,0.887590,0.887890,0
20140305 005318297,0.887600,0.887900,0
20140305 005335140,0.887590,0.887890,0
20140305 005358170,0.887600,0.887900,0
20140305 005359547,0.887610,0.887910,0
20140305 005401267,0.887620,0.887920,0
20140305 005403310,0.887630,0.887930,0
20140305 005403670,0.887650,0.887950,0
20140305 005404017,0.887640,0.887940,0
20140305 005404703,0.887640,0.887940,0
20140305 005405390,0.887650,0.887950,0
20140305 005411250,0.887680,0.887980,0
20140305 005411577,0.887690,0.887990,0
20140305 005411920,0.887700,0.888000,0
20140305 005412267,0.887710,0.888010,0
20140305 005414670,0.887720,0.888020,0
20140305 005418467,0.887700,0.888000,0
20140305 005425670,0.887710,0.888010,0
20140305 005439767,0.887720,0.888020,0
20140305 005440437,0.887710,0.888010,0
20140305 005440780,0.887730,0.888030,0
20140305 005441483,0.887720,0.888020,0
20140305 005443873,0.887710,0.888010,0
20140305 005444233,0.887720,0.888020,0
20140305 005445267,0.887730,0.888030,0
20140305 005446640,0.887710,0.888010,0
20140305 005453170,0.887700,0.888000,0
20140305 005513107,0.887690,0.887990,0
20140305 005515843,0.887700,0.888000,0
20140305 005518267,0.887730,0.888030,0
20140305 005518607,0.887710,0.888010,0
20140305 005520310,0.887710,0.888010,0
20140305 005520670,0.887760,0.888060,0
20140305 005521017,0.887770,0.888070,0
20140305 005521373,0.887800,0.888100,0
20140305 005521703,0.887820,0.888120,0
20140305 005524453,0.887800,0.888100,0
20140305 005524797,0.887750,0.888050,0
20140305 005530297,0.887750,0.888050,0
20140305 005534420,0.887740,0.888040,0
20140305 005538203,0.887750,0.888050,0
20140305 005551607,0.887730,0.888030,0
20140305 005552983,0.887720,0.888020,0
20140305 005558123,0.887700,0.888000,0
20140305 005558483,0.887690,0.887990,0
20140305 005600547,0.887680,0.887980,0
20140305 005602267,0.887670,0.887970,0
20140305 005645577,0.887680,0.887980,0
20140305 005658967,0.887670,0.887970,0
20140305 005702750,0.887680,0.887980,0
20140305 005727157,0.887670,0.887970,0
20140305 005733343,0.887680,0.887980,0
20140305 005750530,0.887660,0.887960,0
20140305 005750873,0.887650,0.887950,0
20140305 005756717,0.887640,0.887940,0
20140305 005828687,0.887650,0.887950,0
20140305 005848967,0.887640,0.887940,0
20140305 005849310,0.887650,0.887950,0
20140305 005856530,0.887640,0.887940,0
20140305 005856873,0.887650,0.887950,0
20140305 005858937,0.887640,0.887940,0
20140305 005859280,0.887650,0.887950,0
20140305 005904780,0.887640,0.887940,0
20140305 005905123,0.887650,0.887950,0
20140305 005908217,0.887640,0.887940,0
20140305 005912000,0.887650,0.887950,0
20140305 005912343,0.887640,0.887940,0
20140305 005918873,0.887660,0.887960,0
20140305 010001500,0.887650,0.887950,0
20140305 010008373,0.887660,0.887960,0
20140305 010008717,0.887650,0.887950,0
20140305 010009407,0.887640,0.887940,0
20140305 010009750,0.887630,0.887930,0
20140305 010015593,0.887640,0.887940,0
20140305 010018000,0.887650,0.887950,0
20140305 010023843,0.887640,0.887940,0
20140305 010042420,0.887650,0.887950,0
20140305 010112670,0.887660,0.887960,0
20140305 010114047,0.887660,0.887960,0
20140305 010114733,0.887650,0.887950,0
20140305 010120577,0.887660,0.887960,0
20140305 010121267,0.887650,0.887950,0
20140305 010121607,0.887660,0.887960,0
20140305 010124170,0.887650,0.887950,0
20140305 010124343,0.887660,0.887960,0
20140305 010128140,0.887650,0.887950,0
20140305 010134670,0.887660,0.887960,0
20140305 010135343,0.887650,0.887950,0
20140305 010137420,0.887660,0.887960,0
20140305 010142920,0.887630,0.887930,0
20140305 010143267,0.887620,0.887920,0
20140305 010143937,0.887600,0.887900,0
20140305 010144297,0.887570,0.887870,0
20140305 010144640,0.887560,0.887860,0
20140305 010151517,0.887570,0.887870,0
20140305 010155297,0.887590,0.887890,0
20140305 010216937,0.887580,0.887880,0
20140305 010222467,0.887570,0.887870,0
20140305 010222797,0.887550,0.887850,0
20140305 010223123,0.887530,0.887830,0
20140305 010224857,0.887510,0.887810,0
20140305 010225203,0.887430,0.887730,0
20140305 010227937,0.887430,0.887730,0
20140305 010230703,0.887440,0.887740,0
20140305 010242750,0.887480,0.887780,0
20140305 010243077,0.887490,0.887790,0
20140305 010247200,0.887480,0.887780,0
20140305 010247543,0.887500,0.887800,0
20140305 010247887,0.887490,0.887790,0
20140305 010248917,0.887470,0.887770,0
20140305 010250633,0.887480,0.887780,0
20140305 010253037,0.887460,0.887760,0
20140305 010253380,0.887450,0.887750,0
20140305 010253723,0.887470,0.887770,0
20140305 010254410,0.887480,0.887780,0
20140305 010255440,0.887450,0.887750,0
20140305 010255783,0.887460,0.887760,0
20140305 010302647,0.887430,0.887730,0
20140305 010302990,0.887420,0.887720,0
20140305 010303333,0.887410,0.887710,0
20140305 010324623,0.887400,0.887700,0
20140305 010324967,0.887330,0.887630,0
20140305 010325310,0.887320,0.887620,0
20140305 010325653,0.887330,0.887630,0
20140305 010327043,0.887340,0.887640,0
20140305 010327373,0.887370,0.887670,0
20140305 010327733,0.887380,0.887680,0
20140305 010332543,0.887370,0.887670,0
20140305 010332887,0.887380,0.887680,0
20140305 010334950,0.887350,0.887650,0
20140305 010335293,0.887370,0.887670,0
20140305 010338733,0.887350,0.887650,0
20140305 010339077,0.887330,0.887630,0
20140305 010341827,0.887320,0.887620,0
20140305 010342153,0.887310,0.887610,0
20140305 010359013,0.887320,0.887620,0
20140305 010442340,0.887290,0.887590,0
20140305 010443700,0.887300,0.887600,0
20140305 010447137,0.887290,0.887590,0
20140305 010455717,0.887280,0.887580,0
20140305 010456420,0.887270,0.887570,0
20140305 010456763,0.887280,0.887580,0
20140305 010458827,0.887270,0.887570,0
20140305 010514293,0.887280,0.887580,0
20140305 010519450,0.887270,0.887570,0
20140305 010520827,0.887280,0.887580,0
20140305 010521513,0.887270,0.887570,0
20140305 010522887,0.887280,0.887580,0
20140305 010541090,0.887270,0.887570,0
20140305 010600340,0.887290,0.887590,0
20140305 010600700,0.887300,0.887600,0
20140305 010601043,0.887280,0.887580,0
20140305 010601387,0.887240,0.887540,0
20140305 010601733,0.887260,0.887560,0
20140305 010602077,0.887250,0.887550,0
20140305 010604483,0.887230,0.887530,0
20140305 010604810,0.887240,0.887540,0
20140305 010605170,0.887260,0.887560,0
20140305 010605513,0.887270,0.887570,0
20140305 010610653,0.887240,0.887540,0
20140305 010610997,0.887230,0.887530,0
20140305 010615123,0.887240,0.887540,0
20140305 010623030,0.887250,0.887550,0
20140305 010637123,0.887260,0.887560,0
20140305 010657420,0.887270,0.887570,0
20140305 010658090,0.887260,0.887560,0
20140305 010704623,0.887270,0.887570,0
20140305 010707373,0.887290,0.887590,0
20140305 010707747,0.887320,0.887620,0
20140305 010719060,0.887290,0.887590,0
20140305 010724217,0.887300,0.887600,0
20140305 010724577,0.887310,0.887610,0
20140305 010724920,0.887300,0.887600,0
20140305 010729717,0.887310,0.887610,0
20140305 010759983,0.887330,0.887630,0
20140305 010811327,0.887320,0.887620,0
20140305 010818187,0.887310,0.887610,0
20140305 010823357,0.887320,0.887620,0
20140305 010823717,0.887330,0.887630,0
20140305 010824043,0.887320,0.887620,0
20140305 010853263,0.887330,0.887630,0
20140305 010853937,0.887320,0.887620,0
20140305 010857043,0.887310,0.887610,0
20140305 010857387,0.887320,0.887620,0
20140305 010908373,0.887310,0.887610,0
20140305 010908717,0.887320,0.887620,0
20140305 010909763,0.887310,0.887610,0
20140305 011007840,0.887320,0.887620,0
20140305 011012327,0.887330,0.887630,0
20140305 011101137,0.887320,0.887620,0
20140305 011102153,0.887330,0.887630,0
20140305 011114200,0.887320,0.887620,0
20140305 011129670,0.887330,0.887630,0
20140305 011134827,0.887340,0.887640,0
20140305 011154420,0.887370,0.887670,0
20140305 011154763,0.887360,0.887660,0
20140305 011155107,0.887390,0.887690,0
20140305 011155450,0.887410,0.887710,0
20140305 011155780,0.887420,0.887720,0
20140305 011200950,0.887410,0.887710,0
20140305 011201280,0.887440,0.887740,0
20140305 011201967,0.887490,0.887790,0
20140305 011202310,0.887460,0.887760,0
20140305 011202653,0.887450,0.887750,0
20140305 011202997,0.887460,0.887760,0
20140305 011203687,0.887450,0.887750,0
20140305 011204030,0.887460,0.887760,0
20140305 011215030,0.887440,0.887740,0
20140305 011215373,0.887420,0.887720,0
20140305 011220530,0.887410,0.887710,0
20140305 011243560,0.887400,0.887700,0
20140305 011404687,0.887410,0.887710,0
20140305 011411903,0.887420,0.887720,0
20140305 011412247,0.887410,0.887710,0
20140305 011413967,0.887390,0.887690,0
20140305 011421873,0.887410,0.887710,0
20140305 011422233,0.887390,0.887690,0
20140305 011434937,0.887410,0.887710,0
20140305 011442170,0.887390,0.887690,0
20140305 011452123,0.887410,0.887710,0
20140305 011452467,0.887400,0.887700,0
20140305 011459357,0.887410,0.887710,0
20140305 011510357,0.887400,0.887700,0
20140305 011558810,0.887410,0.887710,0
20140305 011559123,0.887400,0.887700,0
20140305 011619107,0.887390,0.887690,0
20140305 011639043,0.887400,0.887700,0
20140305 011701733,0.887420,0.887720,0
20140305 011702077,0.887410,0.887710,0
20140305 011702420,0.887400,0.887700,0
20140305 011730590,0.887410,0.887710,0
20140305 011730937,0.887390,0.887690,0
20140305 011740233,0.887380,0.887680,0
20140305 011740560,0.887300,0.887600,0
20140305 011740903,0.887280,0.887580,0
20140305 011741247,0.887290,0.887590,0
20140305 011742967,0.887280,0.887580,0
20140305 011755687,0.887270,0.887570,0
20140305 011756030,0.887260,0.887560,0
20140305 011756373,0.887250,0.887550,0
20140305 011757060,0.887240,0.887540,0
20140305 011758090,0.887230,0.887530,0
20140305 011758780,0.887240,0.887540,0
20140305 011800153,0.887230,0.887530,0
20140305 011803263,0.887240,0.887540,0
20140305 011803590,0.887260,0.887560,0
20140305 011810483,0.887240,0.887540,0
20140305 011810827,0.887200,0.887500,0
20140305 011819060,0.887210,0.887510,0
20140305 011820107,0.887230,0.887530,0
20140305 011820437,0.887240,0.887540,0
20140305 011820780,0.887260,0.887560,0
20140305 011828687,0.887240,0.887540,0
20140305 011829043,0.887230,0.887530,0
20140305 011837280,0.887210,0.887510,0
20140305 011841403,0.887190,0.887490,0
20140305 011841747,0.887210,0.887510,0
20140305 011842437,0.887260,0.887560,0
20140305 011843467,0.887270,0.887570,0
20140305 011908920,0.887250,0.887550,0
20140305 011911687,0.887260,0.887560,0
20140305 011923340,0.887270,0.887570,0
20140305 011928497,0.887300,0.887600,0
20140305 011928840,0.887330,0.887630,0
20140305 011929123,0.887340,0.887640,0
20140305 011931263,0.887330,0.887630,0
20140305 011942937,0.887340,0.887640,0
20140305 011943293,0.887330,0.887630,0
20140305 012010090,0.887340,0.887640,0
20140305 012025920,0.887330,0.887630,0
20140305 012026937,0.887340,0.887640,0
20140305 012030387,0.887330,0.887630,0
20140305 012030717,0.887360,0.887660,0
20140305 012032107,0.887370,0.887670,0
20140305 012032437,0.887400,0.887700,0
20140305 012133637,0.887410,0.887710,0
20140305 012133983,0.887400,0.887700,0
20140305 012154950,0.887410,0.887710,0
20140305 012210077,0.887400,0.887700,0
20140305 012217983,0.887390,0.887690,0
20140305 012222107,0.887400,0.887700,0
20140305 012222450,0.887390,0.887690,0
20140305 012223137,0.887380,0.887680,0
20140305 012228637,0.887400,0.887700,0
20140305 012237920,0.887390,0.887690,0
20140305 012241700,0.887400,0.887700,0
20140305 012244090,0.887390,0.887690,0
20140305 012246153,0.887400,0.887700,0
20140305 012248903,0.887390,0.887690,0
20140305 012252013,0.887410,0.887710,0
20140305 012258530,0.887400,0.887700,0
20140305 012306437,0.887390,0.887690,0
20140305 012306780,0.887380,0.887680,0
20140305 012311590,0.887360,0.887660,0
20140305 012312623,0.887370,0.887670,0
20140305 012312967,0.887380,0.887680,0
20140305 012313997,0.887370,0.887670,0
20140305 012314687,0.887380,0.887680,0
20140305 012316060,0.887370,0.887670,0
20140305 012316403,0.887360,0.887660,0
20140305 012316747,0.887370,0.887670,0
20140305 012317437,0.887370,0.887670,0
20140305 012319153,0.887380,0.887680,0
20140305 012421043,0.887370,0.887670,0
20140305 012430653,0.887360,0.887660,0
20140305 012430997,0.887350,0.887650,0
20140305 012431357,0.887330,0.887630,0
20140305 012431687,0.887310,0.887610,0
20140305 012432403,0.887300,0.887600,0
20140305 012441653,0.887290,0.887590,0
20140305 012444077,0.887260,0.887560,0
20140305 012444763,0.887250,0.887550,0
20140305 012445437,0.887240,0.887540,0
20140305 012446123,0.887250,0.887550,0
20140305 012455077,0.887220,0.887520,0
20140305 012511920,0.887210,0.887510,0
20140305 012517420,0.887190,0.887490,0
20140305 012526013,0.887180,0.887480,0
20140305 012527387,0.887190,0.887490,0
20140305 012546293,0.887180,0.887480,0
20140305 012548687,0.887200,0.887500,0
20140305 012549043,0.887180,0.887480,0
20140305 012606560,0.887190,0.887490,0
20140305 012606903,0.887200,0.887500,0
20140305 012614123,0.887190,0.887490,0
20140305 012614467,0.887200,0.887500,0
20140305 012823060,0.887220,0.887520,0
20140305 012826137,0.887230,0.887530,0
20140305 012829937,0.887250,0.887550,0
20140305 012830280,0.887290,0.887590,0
20140305 012830590,0.887300,0.887600,0
20140305 012839530,0.887290,0.887590,0
20140305 012839873,0.887300,0.887600,0
20140305 012931780,0.887290,0.887590,0
20140305 012942107,0.887280,0.887580,0
20140305 012943137,0.887290,0.887590,0
20140305 012955513,0.887310,0.887610,0
20140305 012957920,0.887290,0.887590,0
20140305 013007187,0.887300,0.887600,0
20140305 013106670,0.887320,0.887620,0
20140305 013107013,0.887330,0.887630,0
20140305 013131437,0.887360,0.887660,0
20140305 013146530,0.887330,0.887630,0
20140305 013146887,0.887300,0.887600,0
20140305 013148950,0.887290,0.887590,0
20140305 013156170,0.887280,0.887580,0
20140305 013156513,0.887290,0.887590,0
20140305 013204077,0.887280,0.887580,0
20140305 013205090,0.887290,0.887590,0
20140305 013212670,0.887300,0.887600,0
20140305 013213030,0.887320,0.887620,0
20140305 013215090,0.887340,0.887640,0
20140305 013215420,0.887350,0.887650,0
20140305 013217123,0.887360,0.887660,0
20140305 013217827,0.887350,0.887650,0
20140305 013218857,0.887360,0.887660,0
20140305 013219137,0.887350,0.887650,0
20140305 013219887,0.887360,0.887660,0
20140305 013220233,0.887370,0.887670,0
20140305 013220577,0.887360,0.887660,0
20140305 013220920,0.887370,0.887670,0
20140305 013225403,0.887400,0.887700,0
20140305 013225733,0.887430,0.887730,0
20140305 013226077,0.887440,0.887740,0
20140305 013226420,0.887500,0.887800,0
20140305 013229513,0.887510,0.887810,0
20140305 013229857,0.887500,0.887800,0
20140305 013230187,0.887510,0.887810,0
20140305 013231903,0.887500,0.887800,0
20140305 013232247,0.887510,0.887810,0
20140305 013237420,0.887520,0.887820,0
20140305 013237747,0.887530,0.887830,0
20140305 013238107,0.887550,0.887850,0
20140305 013251497,0.887560,0.887860,0
20140305 013255967,0.887540,0.887840,0
20140305 013301123,0.887540,0.887840,0
20140305 013301483,0.887530,0.887830,0
20140305 013306280,0.887550,0.887850,0
20140305 013306623,0.887560,0.887860,0
20140305 013307310,0.887570,0.887870,0
20140305 013311450,0.887530,0.887830,0
20140305 013311793,0.887450,0.887750,0
20140305 013312123,0.887430,0.887730,0
20140305 013312467,0.887410,0.887710,0
20140305 013314543,0.887390,0.887690,0
20140305 013314873,0.887350,0.887650,0
20140305 013315217,0.887330,0.887630,0
20140305 013315577,0.887290,0.887590,0
20140305 013315903,0.887260,0.887560,0
20140305 013316263,0.887230,0.887530,0
20140305 013316607,0.887200,0.887500,0
20140305 013316937,0.887210,0.887510,0
20140305 013318670,0.887260,0.887560,0
20140305 013319013,0.887340,0.887640,0
20140305 013319357,0.887390,0.887690,0
20140305 013319700,0.887450,0.887750,0
20140305 013320043,0.887440,0.887740,0
20140305 013320373,0.887480,0.887780,0
20140305 013321763,0.887490,0.887790,0
20140305 013325200,0.887470,0.887770,0
20140305 013325560,0.887440,0.887740,0
20140305 013325887,0.887420,0.887720,0
20140305 013328983,0.887490,0.887790,0
20140305 013329327,0.887510,0.887810,0
20140305 013331043,0.887520,0.887820,0
20140305 013331733,0.887510,0.887810,0
20140305 013333450,0.887520,0.887820,0
20140305 013333793,0.887510,0.887810,0
20140305 013335857,0.887520,0.887820,0
20140305 013345483,0.887530,0.887830,0
20140305 013345827,0.887520,0.887820,0
20140305 013349950,0.887460,0.887760,0
20140305 013350280,0.887430,0.887730,0
20140305 013350623,0.887420,0.887720,0
20140305 013352687,0.887410,0.887710,0
20140305 013400937,0.887420,0.887720,0
20140305 013401280,0.887410,0.887710,0
20140305 013403340,0.887420,0.887720,0
20140305 013403687,0.887440,0.887740,0
20140305 013409887,0.887460,0.887760,0
20140305 013410920,0.887450,0.887750,0
20140305 013415373,0.887460,0.887760,0
20140305 013419840,0.887450,0.887750,0
20140305 013420530,0.887460,0.887760,0
20140305 013426733,0.887470,0.887770,0
20140305 013427077,0.887490,0.887790,0
20140305 013427420,0.887500,0.887800,0
20140305 013431530,0.887510,0.887810,0
20140305 013431887,0.887520,0.887820,0
20140305 013432233,0.887510,0.887810,0
20140305 013435327,0.887500,0.887800,0
20140305 013436013,0.887510,0.887810,0
20140305 013437060,0.887460,0.887760,0
20140305 013437387,0.887440,0.887740,0
20140305 013438747,0.887450,0.887750,0
20140305 013511077,0.887430,0.887730,0
20140305 013516560,0.887410,0.887710,0
20140305 013516920,0.887390,0.887690,0
20140305 013528247,0.887370,0.887670,0
20140305 013528607,0.887330,0.887630,0
20140305 013528937,0.887320,0.887620,0
20140305 013529637,0.887260,0.887560,0
20140305 013530327,0.887270,0.887570,0
20140305 013530653,0.887260,0.887560,0
20140305 013545450,0.887250,0.887550,0
20140305 013549233,0.887250,0.887550,0
20140305 013549560,0.887240,0.887540,0
20140305 013557810,0.887290,0.887590,0
20140305 013558153,0.887260,0.887560,0
20140305 013558497,0.887270,0.887570,0
20140305 013618437,0.887280,0.887580,0
20140305 013632887,0.887260,0.887560,0
20140305 013638373,0.887310,0.887610,0
20140305 013638733,0.887300,0.887600,0
20140305 013639077,0.887280,0.887580,0
20140305 013658997,0.887270,0.887570,0
20140305 013714810,0.887250,0.887550,0
20140305 013717903,0.887270,0.887570,0
20140305 013718263,0.887260,0.887560,0
20140305 013720327,0.887270,0.887570,0
20140305 013721357,0.887280,0.887580,0
20140305 013736810,0.887290,0.887590,0
20140305 013738530,0.887280,0.887580,0
20140305 013738873,0.887290,0.887590,0
20140305 013746090,0.887290,0.887590,0
20140305 013747467,0.887280,0.887580,0
20140305 013804327,0.887260,0.887560,0
20140305 013804997,0.887270,0.887570,0
20140305 013806030,0.887260,0.887560,0
20140305 013808780,0.887270,0.887570,0
20140305 013809123,0.887260,0.887560,0
20140305 013809170,0.887270,0.887570,0
20140305 013813590,0.887260,0.887560,0
20140305 013816700,0.887270,0.887570,0
20140305 013817030,0.887300,0.887600,0
20140305 013853467,0.887310,0.887610,0
20140305 013928530,0.887290,0.887590,0
20140305 013930247,0.887300,0.887600,0
20140305 013944340,0.887290,0.887590,0
20140305 013952607,0.887300,0.887600,0
20140305 013952937,0.887320,0.887620,0
20140305 014001873,0.887300,0.887600,0
20140305 014002903,0.887310,0.887610,0
20140305 014014607,0.887320,0.887620,0
20140305 014033857,0.887310,0.887610,0
20140305 014040733,0.887320,0.887620,0
20140305 014041077,0.887310,0.887610,0
20140305 014042780,0.887300,0.887600,0
20140305 014043153,0.887260,0.887560,0
20140305 014046233,0.887270,0.887570,0
20140305 014048280,0.887290,0.887590,0
20140305 014050357,0.887280,0.887580,0
20140305 014059280,0.887290,0.887590,0
20140305 014059983,0.887280,0.887580,0
20140305 014103077,0.887300,0.887600,0
20140305 014110637,0.887310,0.887610,0
20140305 014112340,0.887300,0.887600,0
20140305 014113043,0.887290,0.887590,0
20140305 014125747,0.887300,0.887600,0
20140305 014140217,0.887290,0.887590,0
20140305 014143293,0.887300,0.887600,0
20140305 014158060,0.887290,0.887590,0
20140305 014226950,0.887270,0.887570,0
20140305 014227293,0.887260,0.887560,0
20140305 014234497,0.887270,0.887570,0
20140305 014239653,0.887290,0.887590,0
20140305 014242060,0.887270,0.887570,0
20140305 014242747,0.887260,0.887560,0
20140305 014243780,0.887250,0.887550,0
20140305 014244123,0.887260,0.887560,0
20140305 014252717,0.887250,0.887550,0
20140305 014253060,0.887260,0.887560,0
20140305 014317123,0.887250,0.887550,0
20140305 014317467,0.887260,0.887560,0
20140305 014321937,0.887250,0.887550,0
20140305 014322280,0.887260,0.887560,0
20140305 014337763,0.887270,0.887570,0
20140305 014351840,0.887260,0.887560,0
20140305 014447887,0.887250,0.887550,0
20140305 014448577,0.887260,0.887560,0
20140305 014451310,0.887250,0.887550,0
20140305 014452013,0.887230,0.887530,0
20140305 014452357,0.887240,0.887540,0
20140305 014453733,0.887230,0.887530,0
20140305 014454060,0.887240,0.887540,0
20140305 014458560,0.887250,0.887550,0
20140305 014502310,0.887260,0.887560,0
20140305 014502670,0.887270,0.887570,0
20140305 014503013,0.887280,0.887580,0
20140305 014507137,0.887270,0.887570,0
20140305 014552530,0.887260,0.887560,0
20140305 014552857,0.887230,0.887530,0
20140305 014554577,0.887220,0.887520,0
20140305 014554920,0.887210,0.887510,0
20140305 014602827,0.887200,0.887500,0
20140305 014603170,0.887210,0.887510,0
20140305 014603857,0.887200,0.887500,0
20140305 014605217,0.887220,0.887520,0
20140305 014609357,0.887230,0.887530,0
20140305 014609687,0.887220,0.887520,0
20140305 014610387,0.887230,0.887530,0
20140305 014610717,0.887210,0.887510,0
20140305 014611077,0.887230,0.887530,0
20140305 014612107,0.887220,0.887520,0
20140305 014615530,0.887230,0.887530,0
20140305 014618280,0.887220,0.887520,0
20140305 014619310,0.887230,0.887530,0
20140305 014619997,0.887220,0.887520,0
20140305 014621373,0.887230,0.887530,0
20140305 014622403,0.887200,0.887500,0
20140305 014622747,0.887220,0.887520,0
20140305 014625840,0.887230,0.887530,0
20140305 014626187,0.887220,0.887520,0
20140305 014628247,0.887200,0.887500,0
20140305 014628590,0.887210,0.887510,0
20140305 014628937,0.887190,0.887490,0
20140305 014629623,0.887200,0.887500,0
20140305 014630310,0.887180,0.887480,0
20140305 014630653,0.887190,0.887490,0
20140305 014635810,0.887180,0.887480,0
20140305 014636840,0.887190,0.887490,0
20140305 014641310,0.887180,0.887480,0
20140305 014641653,0.887190,0.887490,0
20140305 014645780,0.887200,0.887500,0
20140305 014649560,0.887190,0.887490,0
20140305 014654717,0.887200,0.887500,0
20140305 014659187,0.887190,0.887490,0
20140305 014701247,0.887200,0.887500,0
20140305 014701937,0.887190,0.887490,0
20140305 014703653,0.887200,0.887500,0
20140305 014716717,0.887190,0.887490,0
20140305 014717060,0.887200,0.887500,0
20140305 014719123,0.887190,0.887490,0
20140305 014719810,0.887200,0.887500,0
20140305 014722903,0.887200,0.887500,0
20140305 014724623,0.887190,0.887490,0
20140305 014724967,0.887180,0.887480,0
20140305 014725310,0.887190,0.887490,0
20140305 014735983,0.887180,0.887480,0
20140305 014736327,0.887170,0.887470,0
20140305 014755903,0.887160,0.887460,0
20140305 014756623,0.887140,0.887440,0
20140305 014756950,0.887120,0.887420,0
20140305 014758997,0.887110,0.887410,0
20140305 014817577,0.887130,0.887430,0
20140305 014827887,0.887120,0.887420,0
20140305 014828217,0.887130,0.887430,0
20140305 014829950,0.887110,0.887410,0
20140305 014835107,0.887110,0.887410,0
20140305 014843340,0.887090,0.887390,0
20140305 014844373,0.887080,0.887380,0
20140305 014844717,0.887090,0.887390,0
20140305 014845747,0.887080,0.887380,0
20140305 014856060,0.887070,0.887370,0
20140305 014906733,0.887060,0.887360,0
20140305 014907090,0.887040,0.887340,0
20140305 014910497,0.887050,0.887350,0
20140305 014911187,0.887070,0.887370,0
20140305 014947983,0.887080,0.887380,0
20140305 014955530,0.887070,0.887370,0
20140305 014955887,0.887080,0.887380,0
20140305 015027170,0.887070,0.887370,0
20140305 015027513,0.887060,0.887360,0
20140305 015027857,0.887070,0.887370,0
20140305 015102920,0.887080,0.887380,0
20140305 015103263,0.887070,0.887370,0
20140305 015108763,0.887080,0.887380,0
20140305 015109090,0.887070,0.887370,0
20140305 015116327,0.887070,0.887370,0
20140305 015130763,0.887080,0.887380,0
20140305 015131107,0.887070,0.887370,0
20140305 015136247,0.887080,0.887380,0
20140305 015139373,0.887060,0.887360,0
20140305 015139687,0.887040,0.887340,0
20140305 015142090,0.887050,0.887350,0
20140305 015145560,0.887100,0.887400,0
20140305 015145887,0.887090,0.887390,0
20140305 015148623,0.887100,0.887400,0
20140305 015158263,0.887090,0.887390,0
20140305 015159983,0.887100,0.887400,0
20140305 015207200,0.887130,0.887430,0
20140305 015207543,0.887140,0.887440,0
20140305 015208233,0.887130,0.887430,0
20140305 015208903,0.887140,0.887440,0
20140305 015209123,0.887130,0.887430,0
20140305 015212013,0.887140,0.887440,0
20140305 015227467,0.887170,0.887470,0
20140305 015232637,0.887160,0.887460,0
20140305 015236420,0.887160,0.887460,0
20140305 015242247,0.887170,0.887470,0
20140305 015242607,0.887160,0.887460,0
20140305 015326607,0.887170,0.887470,0
20140305 015338637,0.887160,0.887460,0
20140305 015341733,0.887140,0.887440,0
20140305 015342077,0.887130,0.887430,0
20140305 015351357,0.887150,0.887450,0
20140305 015352043,0.887140,0.887440,0
20140305 015358920,0.887160,0.887460,0
20140305 015359590,0.887170,0.887470,0
20140305 015410590,0.887160,0.887460,0
20140305 015414387,0.887170,0.887470,0
20140305 015414733,0.887180,0.887480,0
20140305 015429123,0.887170,0.887470,0
20140305 015435357,0.887180,0.887480,0
20140305 015451153,0.887170,0.887470,0
20140305 015452887,0.887160,0.887460,0
20140305 015453233,0.887170,0.887470,0
20140305 015453903,0.887160,0.887460,0
20140305 015500780,0.887170,0.887470,0
20140305 015501483,0.887160,0.887460,0
20140305 015501827,0.887140,0.887440,0
20140305 015502170,0.887150,0.887450,0
20140305 015509373,0.887170,0.887470,0
20140305 015509717,0.887160,0.887460,0
20140305 015512137,0.887170,0.887470,0
20140305 015512483,0.887160,0.887460,0
20140305 015512827,0.887170,0.887470,0
20140305 015513153,0.887160,0.887460,0
20140305 015513513,0.887170,0.887470,0
20140305 015513857,0.887160,0.887460,0
20140305 015514187,0.887170,0.887470,0
20140305 015514543,0.887160,0.887460,0
20140305 015515217,0.887170,0.887470,0
20140305 015518327,0.887160,0.887460,0
20140305 015518670,0.887170,0.887470,0
20140305 015519357,0.887160,0.887460,0
20140305 015520030,0.887170,0.887470,0
20140305 015520387,0.887180,0.887480,0
20140305 015528293,0.887170,0.887470,0
20140305 015530700,0.887160,0.887460,0
20140305 015532077,0.887170,0.887470,0
20140305 015532420,0.887180,0.887480,0
20140305 015533107,0.887190,0.887490,0
20140305 015533437,0.887220,0.887520,0
20140305 015535153,0.887230,0.887530,0
20140305 015535513,0.887260,0.887560,0
20140305 015538607,0.887250,0.887550,0
20140305 015539623,0.887260,0.887560,0
20140305 015543077,0.887250,0.887550,0
20140305 015543420,0.887260,0.887560,0
20140305 015544107,0.887250,0.887550,0
20140305 015544450,0.887260,0.887560,0
20140305 015544793,0.887250,0.887550,0
20140305 015548233,0.887260,0.887560,0
20140305 015559217,0.887250,0.887550,0
20140305 015600263,0.887260,0.887560,0
20140305 015600937,0.887250,0.887550,0
20140305 015602327,0.887240,0.887540,0
20140305 015619840,0.887250,0.887550,0
20140305 015640483,0.887240,0.887540,0
20140305 015645637,0.887250,0.887550,0
20140305 015648387,0.887240,0.887540,0
20140305 015657670,0.887250,0.887550,0
20140305 015658013,0.887240,0.887540,0
20140305 015659387,0.887280,0.887580,0
20140305 015700763,0.887290,0.887590,0
20140305 015705217,0.887300,0.887600,0
20140305 015705577,0.887310,0.887610,0
20140305 015705920,0.887320,0.887620,0
20140305 015710373,0.887310,0.887610,0
20140305 015712450,0.887320,0.887620,0
20140305 015717950,0.887310,0.887610,0
20140305 015719310,0.887320,0.887620,0
20140305 015720013,0.887310,0.887610,0
20140305 015720357,0.887320,0.887620,0
20140305 015727233,0.887310,0.887610,0
20140305 015727577,0.887320,0.887620,0
20140305 015732387,0.887310,0.887610,0
20140305 015733077,0.887320,0.887620,0
20140305 015733403,0.887310,0.887610,0
20140305 015738577,0.887320,0.887620,0
20140305 015742013,0.887310,0.887610,0
20140305 015742357,0.887360,0.887660,0
20140305 015742687,0.887370,0.887670,0
20140305 015747513,0.887380,0.887680,0
20140305 015747840,0.887370,0.887670,0
20140305 015749560,0.887360,0.887660,0
20140305 015749903,0.887370,0.887670,0
20140305 015750950,0.887360,0.887660,0
20140305 015756780,0.887370,0.887670,0
20140305 015809153,0.887380,0.887680,0
20140305 015810187,0.887370,0.887670,0
20140305 015810530,0.887380,0.887680,0
20140305 015811560,0.887370,0.887670,0
20140305 015812950,0.887380,0.887680,0
20140305 015815013,0.887370,0.887670,0
20140305 015815357,0.887380,0.887680,0
20140305 015835293,0.887390,0.887690,0
20140305 015839077,0.887400,0.887700,0
20140305 015840437,0.887390,0.887690,0
20140305 015846637,0.887400,0.887700,0
20140305 015846983,0.887410,0.887710,0
20140305 015847670,0.887400,0.887700,0
20140305 015859340,0.887410,0.887710,0
20140305 015859700,0.887420,0.887720,0
20140305 015900043,0.887410,0.887710,0
20140305 015905530,0.887420,0.887720,0
20140305 015905903,0.887410,0.887710,0
20140305 015913090,0.887420,0.887720,0
20140305 015913450,0.887410,0.887710,0
20140305 015917577,0.887420,0.887720,0
20140305 015917920,0.887410,0.887710,0
20140305 015918950,0.887400,0.887700,0
20140305 015919293,0.887390,0.887690,0
20140305 015922747,0.887400,0.887700,0
20140305 015923763,0.887390,0.887690,0
20140305 015924450,0.887400,0.887700,0
20140305 015925123,0.887390,0.887690,0
20140305 015926170,0.887400,0.887700,0
20140305 015929590,0.887410,0.887710,0
20140305 015929950,0.887400,0.887700,0
20140305 015930293,0.887410,0.887710,0
20140305 015932013,0.887400,0.887700,0
20140305 015933373,0.887380,0.887680,0
20140305 015933717,0.887390,0.887690,0
20140305 015943030,0.887410,0.887710,0
20140305 015943357,0.887400,0.887700,0
20140305 015943700,0.887410,0.887710,0
20140305 015950233,0.887420,0.887720,0
20140305 015951247,0.887410,0.887710,0
20140305 015951950,0.887420,0.887720,0
20140305 015952293,0.887410,0.887710,0
20140305 015952637,0.887450,0.887750,0
20140305 015959170,0.887460,0.887760,0
20140305 015959873,0.887450,0.887750,0
20140305 020001233,0.887460,0.887760,0
20140305 020002607,0.887490,0.887790,0
20140305 020003623,0.887480,0.887780,0
20140305 020004653,0.887470,0.887770,0
20140305 020004997,0.887480,0.887780,0
20140305 020009467,0.887470,0.887770,0
20140305 020010153,0.887460,0.887760,0
20140305 020011873,0.887470,0.887770,0
20140305 020016357,0.887480,0.887780,0
20140305 020016687,0.887490,0.887790,0
20140305 020017747,0.887510,0.887810,0
20140305 020018077,0.887520,0.887820,0
20140305 020018403,0.887570,0.887870,0
20140305 020018763,0.887560,0.887860,0
20140305 020021857,0.887570,0.887870,0
20140305 020029763,0.887560,0.887860,0
20140305 020039733,0.887570,0.887870,0
20140305 020040090,0.887560,0.887860,0
20140305 020040403,0.887540,0.887840,0
20140305 020040747,0.887520,0.887820,0
20140305 020044217,0.887530,0.887830,0
20140305 020046950,0.887540,0.887840,0
20140305 020047293,0.887530,0.887830,0
20140305 020047637,0.887540,0.887840,0
20140305 020048670,0.887530,0.887830,0
20140305 020049357,0.887550,0.887850,0
20140305 020049717,0.887560,0.887860,0
20140305 020054857,0.887570,0.887870,0
20140305 020057950,0.887560,0.887860,0
20140305 020058280,0.887570,0.887870,0
20140305 020058637,0.887560,0.887860,0
20140305 020101387,0.887550,0.887850,0
20140305 020101733,0.887530,0.887830,0
20140305 020102763,0.887540,0.887840,0
20140305 020103107,0.887530,0.887830,0
20140305 020104827,0.887520,0.887820,0
20140305 020106873,0.887530,0.887830,0
20140305 020112030,0.887540,0.887840,0
20140305 020112373,0.887530,0.887830,0
20140305 020115137,0.887520,0.887820,0
20140305 020115467,0.887530,0.887830,0
20140305 020116170,0.887520,0.887820,0
20140305 020116497,0.887530,0.887830,0
20140305 020116857,0.887520,0.887820,0
20140305 020117200,0.887530,0.887830,0
20140305 020119263,0.887520,0.887820,0
20140305 020120637,0.887530,0.887830,0
20140305 020120983,0.887520,0.887820,0
20140305 020121310,0.887530,0.887830,0
20140305 020123043,0.887520,0.887820,0
20140305 020125780,0.887500,0.887800,0
20140305 020126827,0.887490,0.887790,0
20140305 020136793,0.887510,0.887810,0
20140305 020137483,0.887520,0.887820,0
20140305 020137827,0.887530,0.887830,0
20140305 020138170,0.887520,0.887820,0
20140305 020138497,0.887540,0.887840,0
20140305 020140903,0.887530,0.887830,0
20140305 020141263,0.887510,0.887810,0
20140305 020141937,0.887520,0.887820,0
20140305 020142293,0.887510,0.887810,0
20140305 020144700,0.887520,0.887820,0
20140305 020145043,0.887510,0.887810,0
20140305 020145403,0.887520,0.887820,0
20140305 020145733,0.887510,0.887810,0
20140305 020146763,0.887490,0.887790,0
20140305 020147107,0.887510,0.887810,0
20140305 020150543,0.887490,0.887790,0
20140305 020150887,0.887510,0.887810,0
20140305 020151903,0.887490,0.887790,0
20140305 020152263,0.887510,0.887810,0
20140305 020152607,0.887490,0.887790,0
20140305 020152937,0.887510,0.887810,0
20140305 020154327,0.887490,0.887790,0
20140305 020154670,0.887510,0.887810,0
20140305 020156373,0.887500,0.887800,0
20140305 020156733,0.887510,0.887810,0
20140305 020158450,0.887500,0.887800,0
20140305 020200497,0.887440,0.887740,0
20140305 020200857,0.887430,0.887730,0
20140305 020203607,0.887420,0.887720,0
20140305 020203950,0.887400,0.887700,0
20140305 020204153,0.887390,0.887690,0
20140305 020204293,0.887370,0.887670,0
20140305 020204967,0.887360,0.887660,0
20140305 020208403,0.887370,0.887670,0
20140305 020211153,0.887360,0.887660,0
20140305 020211497,0.887370,0.887670,0
20140305 020211840,0.887360,0.887660,0
20140305 020215967,0.887370,0.887670,0
20140305 020216997,0.887380,0.887680,0
20140305 020226637,0.887400,0.887700,0
20140305 020226983,0.887430,0.887730,0
20140305 020227327,0.887460,0.887760,0
20140305 020227653,0.887480,0.887780,0
20140305 020241747,0.887490,0.887790,0
20140305 020242107,0.887520,0.887820,0
20140305 020243467,0.887510,0.887810,0
20140305 020248967,0.887530,0.887830,0
20140305 020253780,0.887520,0.887820,0
20140305 020254123,0.887530,0.887830,0
20140305 020257903,0.887520,0.887820,0
20140305 020303403,0.887530,0.887830,0
20140305 020307187,0.887520,0.887820,0
20140305 020307873,0.887530,0.887830,0
20140305 020309247,0.887540,0.887840,0
20140305 020309590,0.887580,0.887880,0
20140305 020309937,0.887570,0.887870,0
20140305 020310623,0.887580,0.887880,0
20140305 020310967,0.887570,0.887870,0
20140305 020314747,0.887580,0.887880,0
20140305 020315437,0.887570,0.887870,0
20140305 020352217,0.887560,0.887860,0
20140305 020404607,0.887580,0.887880,0
20140305 020406310,0.887570,0.887870,0
20140305 020412153,0.887580,0.887880,0
20140305 020412497,0.887570,0.887870,0
20140305 020417997,0.887580,0.887880,0
20140305 020419373,0.887610,0.887910,0
20140305 020419717,0.887620,0.887920,0
20140305 020421107,0.887610,0.887910,0
20140305 020422467,0.887630,0.887930,0
20140305 020426623,0.887590,0.887890,0
20140305 020426967,0.887570,0.887870,0
20140305 020428670,0.887580,0.887880,0
20140305 020441043,0.887560,0.887860,0
20140305 020443107,0.887550,0.887850,0
20140305 020449310,0.887580,0.887880,0
20140305 020454793,0.887590,0.887890,0
20140305 020458217,0.887580,0.887880,0
20140305 020511997,0.887590,0.887890,0
20140305 020512340,0.887580,0.887880,0
20140305 020516780,0.887590,0.887890,0
20140305 020517123,0.887580,0.887880,0
20140305 020517483,0.887570,0.887870,0
20140305 020517827,0.887580,0.887880,0
20140305 020530887,0.887630,0.887930,0
20140305 020531217,0.887590,0.887890,0
20140305 020533280,0.887580,0.887880,0
20140305 020533983,0.887600,0.887900,0
20140305 020534670,0.887590,0.887890,0
20140305 020539137,0.887580,0.887880,0
20140305 020539827,0.887590,0.887890,0
20140305 020545327,0.887530,0.887830,0
20140305 020545687,0.887510,0.887810,0
20140305 020546013,0.887500,0.887800,0
20140305 020546357,0.887490,0.887790,0
20140305 020547733,0.887500,0.887800,0
20140305 020549450,0.887490,0.887790,0
20140305 020600793,0.887500,0.887800,0
20140305 020601153,0.887520,0.887820,0
20140305 020628293,0.887530,0.887830,0
20140305 020631387,0.887550,0.887850,0
20140305 020631747,0.887580,0.887880,0
20140305 020632077,0.887600,0.887900,0
20140305 020643420,0.887570,0.887870,0
20140305 020643763,0.887540,0.887840,0
20140305 020644793,0.887530,0.887830,0
20140305 020645137,0.887520,0.887820,0
20140305 020645483,0.887530,0.887830,0
20140305 020648577,0.887540,0.887840,0
20140305 020648920,0.887520,0.887820,0
20140305 020649607,0.887530,0.887830,0
20140305 020649937,0.887540,0.887840,0
20140305 020650280,0.887530,0.887830,0
20140305 020653387,0.887540,0.887840,0
20140305 020700590,0.887530,0.887830,0
20140305 020703357,0.887540,0.887840,0
20140305 020710903,0.887530,0.887830,0
20140305 020713310,0.887540,0.887840,0
20140305 020713670,0.887530,0.887830,0
20140305 020745983,0.887520,0.887820,0
20140305 020747340,0.887530,0.887830,0
20140305 020748717,0.887520,0.887820,0
20140305 020754137,0.887530,0.887830,0
20140305 020800420,0.887540,0.887840,0
20140305 020800747,0.887530,0.887830,0
20140305 020803497,0.887580,0.887880,0
20140305 020803857,0.887600,0.887900,0
20140305 020809357,0.887590,0.887890,0
20140305 020809700,0.887580,0.887880,0
20140305 020823450,0.887570,0.887870,0
20140305 020824137,0.887580,0.887880,0
20140305 020826887,0.887570,0.887870,0
20140305 020831700,0.887560,0.887860,0
20140305 020832043,0.887540,0.887840,0
20140305 020837200,0.887570,0.887870,0
20140305 020837543,0.887560,0.887860,0
20140305 020845107,0.887570,0.887870,0
20140305 020847840,0.887560,0.887860,0
20140305 020855090,0.887540,0.887840,0
20140305 020855420,0.887550,0.887850,0
20140305 020855747,0.887580,0.887880,0
20140305 020856090,0.887590,0.887890,0
20140305 020856450,0.887580,0.887880,0
20140305 020856793,0.887590,0.887890,0
20140305 020858840,0.887580,0.887880,0
20140305 020914997,0.887600,0.887900,0
20140305 020916030,0.887590,0.887890,0
20140305 020918090,0.887600,0.887900,0
20140305 020918780,0.887600,0.887900,0
20140305 020925670,0.887600,0.887900,0
20140305 020926013,0.887590,0.887890,0
20140305 020926717,0.887570,0.887870,0
20140305 020928077,0.887580,0.887880,0
20140305 020950077,0.887590,0.887890,0
20140305 021009997,0.887580,0.887880,0
20140305 021022373,0.887590,0.887890,0
20140305 021024450,0.887600,0.887900,0
20140305 021024793,0.887650,0.887950,0
20140305 021025123,0.887660,0.887960,0
20140305 021025810,0.887670,0.887970,0
20140305 021026857,0.887680,0.887980,0
20140305 021027187,0.887690,0.887990,0
20140305 021027530,0.887710,0.888010,0
20140305 021027873,0.887700,0.888000,0
20140305 021028560,0.887690,0.887990,0
20140305 021030280,0.887680,0.887980,0
20140305 021035437,0.887670,0.887970,0
20140305 021042310,0.887680,0.887980,0
20140305 021042653,0.887660,0.887960,0
20140305 021044717,0.887650,0.887950,0
20140305 021045060,0.887660,0.887960,0
20140305 021045747,0.887650,0.887950,0
20140305 021046107,0.887660,0.887960,0
20140305 021106373,0.887670,0.887970,0
20140305 021108437,0.887680,0.887980,0
20140305 021113607,0.887670,0.887970,0
20140305 021115327,0.887680,0.887980,0
20140305 021128043,0.887670,0.887970,0
20140305 021130437,0.887680,0.887980,0
20140305 021132513,0.887670,0.887970,0
20140305 021134577,0.887680,0.887980,0
20140305 021149687,0.887660,0.887960,0
20140305 021152107,0.887670,0.887970,0
20140305 021152450,0.887660,0.887960,0
20140305 021207233,0.887670,0.887970,0
20140305 021207577,0.887660,0.887960,0
20140305 021207937,0.887650,0.887950,0
20140305 021208950,0.887660,0.887960,0
20140305 021209623,0.887650,0.887950,0
20140305 021209983,0.887660,0.887960,0
20140305 021211357,0.887650,0.887950,0
20140305 021217200,0.887660,0.887960,0
20140305 021242280,0.887680,0.887980,0
20140305 021244340,0.887670,0.887970,0
20140305 021246780,0.887680,0.887980,0
20140305 021249170,0.887670,0.887970,0
20140305 021249513,0.887680,0.887980,0
20140305 021254670,0.887670,0.887970,0
20140305 021255013,0.887680,0.887980,0
20140305 021256043,0.887690,0.887990,0
20140305 021256373,0.887680,0.887980,0
20140305 021256733,0.887670,0.887970,0
20140305 021257403,0.887680,0.887980,0
20140305 021257763,0.887670,0.887970,0
20140305 021258107,0.887680,0.887980,0
20140305 021258810,0.887670,0.887970,0
20140305 021259137,0.887680,0.887980,0
20140305 021300840,0.887670,0.887970,0
20140305 021302217,0.887680,0.887980,0
20140305 021303937,0.887670,0.887970,0
20140305 021304280,0.887680,0.887980,0
20140305 021308747,0.887680,0.887980,0
20140305 021310810,0.887670,0.887970,0
20140305 021311170,0.887690,0.887990,0
20140305 021311497,0.887680,0.887980,0
20140305 021314590,0.887690,0.887990,0
20140305 021315623,0.887680,0.887980,0
20140305 021316653,0.887690,0.887990,0
20140305 021318717,0.887680,0.887980,0
20140305 021319060,0.887690,0.887990,0
20140305 021319403,0.887680,0.887980,0
20140305 021319747,0.887690,0.887990,0
20140305 021320437,0.887680,0.887980,0
20140305 021324920,0.887700,0.888000,0
20140305 021325247,0.887730,0.888030,0
20140305 021325590,0.887740,0.888040,0
20140305 021326623,0.887730,0.888030,0
20140305 021328340,0.887740,0.888040,0
20140305 021331780,0.887730,0.888030,0
20140305 021332123,0.887740,0.888040,0
20140305 021333840,0.887730,0.888030,0
20140305 021335217,0.887740,0.888040,0
20140305 021335560,0.887730,0.888030,0
20140305 021343810,0.887740,0.888040,0
20140305 021353780,0.887730,0.888030,0
20140305 021354123,0.887740,0.888040,0
20140305 021356873,0.887730,0.888030,0
20140305 021400310,0.887740,0.888040,0
20140305 021400653,0.887770,0.888070,0
20140305 021416123,0.887760,0.888060,0
20140305 021416467,0.887770,0.888070,0
20140305 021418560,0.887760,0.888060,0
20140305 021418887,0.887740,0.888040,0
20140305 021419577,0.887710,0.888010,0
20140305 021419920,0.887650,0.887950,0
20140305 021430903,0.887660,0.887960,0
20140305 021439153,0.887680,0.887980,0
20140305 021455653,0.887710,0.888010,0
20140305 021455997,0.887700,0.888000,0
20140305 021456340,0.887710,0.888010,0
20140305 021457043,0.887730,0.888030,0
20140305 021457373,0.887740,0.888040,0
20140305 021459090,0.887750,0.888050,0
20140305 021459780,0.887740,0.888040,0
20140305 021501153,0.887750,0.888050,0
20140305 021501497,0.887760,0.888060,0
20140305 021503577,0.887770,0.888070,0
20140305 021511123,0.887750,0.888050,0
20140305 021518357,0.887740,0.888040,0
20140305 021518700,0.887710,0.888010,0
20140305 021519030,0.887690,0.887990,0
20140305 021519387,0.887680,0.887980,0
20140305 021524530,0.887690,0.887990,0
20140305 021524873,0.887680,0.887980,0
20140305 021527967,0.887690,0.887990,0
20140305 021530373,0.887680,0.887980,0
20140305 021530717,0.887690,0.887990,0
20140305 021541030,0.887680,0.887980,0
20140305 021543437,0.887690,0.887990,0
20140305 021544810,0.887680,0.887980,0
20140305 021545153,0.887690,0.887990,0
20140305 021549280,0.887690,0.887990,0
20140305 021556497,0.887700,0.888000,0
20140305 021605450,0.887710,0.888010,0
20140305 021616793,0.887700,0.888000,0
20140305 021617137,0.887710,0.888010,0
20140305 021621263,0.887700,0.888000,0
20140305 021621607,0.887710,0.888010,0
20140305 021625387,0.887700,0.888000,0
20140305 021632950,0.887690,0.887990,0
20140305 021635700,0.887700,0.888000,0
20140305 021636043,0.887690,0.887990,0
20140305 021636403,0.887700,0.888000,0
20140305 021637060,0.887690,0.887990,0
20140305 021638450,0.887700,0.888000,0
20140305 021638793,0.887690,0.887990,0
20140305 021639137,0.887700,0.888000,0
20140305 021647733,0.887690,0.887990,0
20140305 021704233,0.887680,0.887980,0
20140305 021705950,0.887690,0.887990,0
20140305 021801637,0.887680,0.887980,0
20140305 021801967,0.887690,0.887990,0
20140305 021805077,0.887680,0.887980,0
20140305 021809887,0.887690,0.887990,0
20140305 021810920,0.887680,0.887980,0
20140305 021812967,0.887670,0.887970,0
20140305 021816747,0.887680,0.887980,0
20140305 021817107,0.887660,0.887960,0
20140305 021818137,0.887650,0.887950,0
20140305 021818483,0.887660,0.887960,0
20140305 021823293,0.887670,0.887970,0
20140305 021837387,0.887680,0.887980,0
20140305 021853887,0.887670,0.887970,0
20140305 021854903,0.887660,0.887960,0
20140305 021859030,0.887670,0.887970,0
20140305 021901090,0.887660,0.887960,0
20140305 021910717,0.887670,0.887970,0
20140305 021913123,0.887660,0.887960,0
20140305 021923793,0.887600,0.887900,0
20140305 021924137,0.887580,0.887880,0
20140305 021924810,0.887570,0.887870,0
20140305 021928263,0.887580,0.887880,0
20140305 021943717,0.887590,0.887890,0
20140305 021944077,0.887580,0.887880,0
20140305 021944420,0.887590,0.887890,0
20140305 021946827,0.887620,0.887920,0
20140305 021948543,0.887630,0.887930,0
20140305 021948887,0.887620,0.887920,0
20140305 022000560,0.887630,0.887930,0
20140305 022001247,0.887620,0.887920,0
20140305 022001623,0.887630,0.887930,0
20140305 022001950,0.887650,0.887950,0
20140305 022021543,0.887640,0.887940,0
20140305 022028403,0.887620,0.887920,0
20140305 022028763,0.887610,0.887910,0
20140305 022040437,0.887600,0.887900,0
20140305 022044233,0.887610,0.887910,0
20140305 022045590,0.887600,0.887900,0
20140305 022051450,0.887590,0.887890,0
20140305 022106280,0.887620,0.887920,0
20140305 022116887,0.887620,0.887920,0
20140305 022123420,0.887610,0.887910,0
20140305 022124090,0.887620,0.887920,0
20140305 022131327,0.887610,0.887910,0
20140305 022137513,0.887620,0.887920,0
20140305 022146437,0.887610,0.887910,0
20140305 022151590,0.887590,0.887890,0
20140305 022158827,0.887600,0.887900,0
20140305 022159187,0.887610,0.887910,0
20140305 022201560,0.887600,0.887900,0
20140305 022208450,0.887610,0.887910,0
20140305 022208780,0.887600,0.887900,0
20140305 022211887,0.887590,0.887890,0
20140305 022213950,0.887600,0.887900,0
20140305 022214293,0.887590,0.887890,0
20140305 022217387,0.887580,0.887880,0
20140305 022218437,0.887540,0.887840,0
20140305 022218763,0.887520,0.887820,0
20140305 022219107,0.887510,0.887810,0
20140305 022219450,0.887520,0.887820,0
20140305 022219780,0.887510,0.887810,0
20140305 022222200,0.887490,0.887790,0
20140305 022222887,0.887500,0.887800,0
20140305 022223217,0.887490,0.887790,0
20140305 022223560,0.887500,0.887800,0
20140305 022243497,0.887520,0.887820,0
20140305 022246247,0.887510,0.887810,0
20140305 022246950,0.887520,0.887820,0
20140305 022253137,0.887510,0.887810,0
20140305 022254857,0.887500,0.887800,0
20140305 022255200,0.887510,0.887810,0
20140305 022255543,0.887500,0.887800,0
20140305 022256233,0.887510,0.887810,0
20140305 022257607,0.887500,0.887800,0
20140305 022258983,0.887490,0.887790,0
20140305 022259653,0.887520,0.887820,0
20140305 022305187,0.887560,0.887860,0
20140305 022305513,0.887570,0.887870,0
20140305 022312733,0.887580,0.887880,0
20140305 022314793,0.887590,0.887890,0
20140305 022315137,0.887580,0.887880,0
20140305 022319263,0.887570,0.887870,0
20140305 022323387,0.887580,0.887880,0
20140305 022325107,0.887560,0.887860,0
20140305 022325450,0.887570,0.887870,0
20140305 022326467,0.887580,0.887880,0
20140305 022329937,0.887570,0.887870,0
20140305 022330263,0.887580,0.887880,0
20140305 022337137,0.887570,0.887870,0
20140305 022339530,0.887580,0.887880,0
20140305 022340233,0.887570,0.887870,0
20140305 022350530,0.887560,0.887860,0
20140305 022351233,0.887570,0.887870,0
20140305 022352263,0.887580,0.887880,0
20140305 022352607,0.887570,0.887870,0
20140305 022401887,0.887560,0.887860,0
20140305 022407060,0.887550,0.887850,0
20140305 022407387,0.887530,0.887830,0
20140305 022407717,0.887520,0.887820,0
20140305 022410467,0.887530,0.887830,0
20140305 022411153,0.887540,0.887840,0
20140305 022411497,0.887550,0.887850,0
20140305 022413217,0.887510,0.887810,0
20140305 022418043,0.887520,0.887820,0
20140305 022425263,0.887540,0.887840,0
20140305 022425937,0.887520,0.887820,0
20140305 022426637,0.887530,0.887830,0
20140305 022429043,0.887520,0.887820,0
20140305 022430420,0.887530,0.887830,0
20140305 022440733,0.887540,0.887840,0
20140305 022453090,0.887530,0.887830,0
20140305 022454137,0.887540,0.887840,0
20140305 022454827,0.887530,0.887830,0
20140305 022456543,0.887520,0.887820,0
20140305 022456873,0.887530,0.887830,0
20140305 022500670,0.887520,0.887820,0
20140305 022510967,0.887530,0.887830,0
20140305 022512687,0.887520,0.887820,0
20140305 022526450,0.887530,0.887830,0
20140305 022528873,0.887520,0.887820,0
20140305 022529543,0.887540,0.887840,0
20140305 022529873,0.887490,0.887790,0
20140305 022531607,0.887500,0.887800,0
20140305 022533340,0.887480,0.887780,0
20140305 022533687,0.887490,0.887790,0
20140305 022535733,0.887500,0.887800,0
20140305 022536077,0.887490,0.887790,0
20140305 022608733,0.887480,0.887780,0
20140305 022611483,0.887430,0.887730,0
20140305 022616983,0.887420,0.887720,0
20140305 022617373,0.887400,0.887700,0
20140305 022617687,0.887360,0.887660,0
20140305 022624530,0.887350,0.887650,0
20140305 022624887,0.887340,0.887640,0
20140305 022626950,0.887350,0.887650,0
20140305 022629013,0.887340,0.887640,0
20140305 022630733,0.887330,0.887630,0
20140305 022631077,0.887340,0.887640,0
20140305 022631437,0.887350,0.887650,0
20140305 022631763,0.887410,0.887710,0
20140305 022632437,0.887400,0.887700,0
20140305 022632780,0.887380,0.887680,0
20140305 022633137,0.887390,0.887690,0
20140305 022634217,0.887400,0.887700,0
20140305 022641030,0.887410,0.887710,0
20140305 022645857,0.887390,0.887690,0
20140305 022646200,0.887400,0.887700,0
20140305 022649983,0.887340,0.887640,0
20140305 022650997,0.887350,0.887650,0
20140305 022651687,0.887330,0.887630,0
20140305 022655483,0.887350,0.887650,0
20140305 022700623,0.887360,0.887660,0
20140305 022704420,0.887350,0.887650,0
20140305 022711293,0.887310,0.887610,0
20140305 022711637,0.887350,0.887650,0
20140305 022713700,0.887340,0.887640,0
20140305 022714043,0.887350,0.887650,0
20140305 022714733,0.887340,0.887640,0
20140305 022720577,0.887330,0.887630,0
20140305 022731577,0.887320,0.887620,0
20140305 022745670,0.887340,0.887640,0
20140305 022746013,0.887330,0.887630,0
20140305 022804217,0.887340,0.887640,0
20140305 022805247,0.887330,0.887630,0
20140305 022816950,0.887340,0.887640,0
20140305 022819137,0.887320,0.887620,0
20140305 022820030,0.887310,0.887610,0
20140305 022823827,0.887300,0.887600,0
20140305 022824170,0.887290,0.887590,0
20140305 022824513,0.887300,0.887600,0
20140305 022827590,0.887280,0.887580,0
20140305 022836903,0.887330,0.887630,0
20140305 022837217,0.887340,0.887640,0
20140305 022837903,0.887320,0.887620,0
20140305 022838247,0.887310,0.887610,0
20140305 022839623,0.887330,0.887630,0
20140305 022846153,0.887310,0.887610,0
20140305 022846497,0.887300,0.887600,0
20140305 022905763,0.887290,0.887590,0
20140305 022918827,0.887300,0.887600,0
20140305 022925013,0.887280,0.887580,0
20140305 022927437,0.887250,0.887550,0
20140305 022928107,0.887260,0.887560,0
20140305 022928450,0.887230,0.887530,0
20140305 022929137,0.887240,0.887540,0
20140305 022929467,0.887230,0.887530,0
20140305 022929840,0.887250,0.887550,0
20140305 022931200,0.887260,0.887560,0
20140305 022932233,0.887270,0.887570,0
20140305 022933937,0.887280,0.887580,0
20140305 022934967,0.887290,0.887590,0
20140305 022935997,0.887280,0.887580,0
20140305 022951483,0.887260,0.887560,0
20140305 022951827,0.887250,0.887550,0
20140305 022952513,0.887260,0.887560,0
20140305 022952857,0.887250,0.887550,0
20140305 022954233,0.887260,0.887560,0
20140305 022955263,0.887280,0.887580,0
20140305 022958340,0.887310,0.887610,0
20140305 023002467,0.887320,0.887620,0
20140305 023002827,0.887300,0.887600,0
20140305 023003170,0.887290,0.887590,0
20140305 023003857,0.887300,0.887600,0
20140305 023004137,0.887290,0.887590,0
20140305 023004543,0.887270,0.887570,0
20140305 023004873,0.887250,0.887550,0
20140305 023006590,0.887240,0.887540,0
20140305 023007293,0.887260,0.887560,0
20140305 023012450,0.887220,0.887520,0
20140305 023013137,0.887230,0.887530,0
20140305 023013483,0.887220,0.887520,0
20140305 023024827,0.887270,0.887570,0
20140305 023025170,0.887280,0.887580,0
20140305 023027217,0.887290,0.887590,0
20140305 023027577,0.887280,0.887580,0
20140305 023028623,0.887290,0.887590,0
20140305 023032030,0.887280,0.887580,0
20140305 023036513,0.887270,0.887570,0
20140305 023036840,0.887280,0.887580,0
20140305 023040293,0.887290,0.887590,0
20140305 023040637,0.887280,0.887580,0
20140305 023050950,0.887290,0.887590,0
20140305 023051637,0.887280,0.887580,0
20140305 023051983,0.887270,0.887570,0
20140305 023052310,0.887280,0.887580,0
20140305 023052670,0.887270,0.887570,0
20140305 023053013,0.887260,0.887560,0
20140305 023053357,0.887270,0.887570,0
20140305 023055747,0.887260,0.887560,0
20140305 023058840,0.887250,0.887550,0
20140305 023059200,0.887260,0.887560,0
20140305 023059543,0.887250,0.887550,0
20140305 023059887,0.887260,0.887560,0
20140305 023105043,0.887250,0.887550,0
20140305 023105387,0.887230,0.887530,0
20140305 023110530,0.887220,0.887520,0
20140305 023110873,0.887240,0.887540,0
20140305 023111560,0.887230,0.887530,0
20140305 023113280,0.887250,0.887550,0
20140305 023123263,0.887240,0.887540,0
20140305 023135983,0.887250,0.887550,0
20140305 023136670,0.887240,0.887540,0
20140305 023137357,0.887250,0.887550,0
20140305 023138717,0.887240,0.887540,0
20140305 023141827,0.887250,0.887550,0
20140305 023143887,0.887240,0.887540,0
20140305 023146637,0.887250,0.887550,0
20140305 023146967,0.887260,0.887560,0
20140305 023153497,0.887250,0.887550,0
20140305 023157983,0.887260,0.887560,0
20140305 023159687,0.887250,0.887550,0
20140305 023202810,0.887280,0.887580,0
20140305 023203467,0.887270,0.887570,0
20140305 023205200,0.887290,0.887590,0
20140305 023205530,0.887300,0.887600,0
20140305 023206217,0.887290,0.887590,0
20140305 023206920,0.887270,0.887570,0
20140305 023207950,0.887260,0.887560,0
20140305 023208293,0.887270,0.887570,0
20140305 023211373,0.887250,0.887550,0
20140305 023212060,0.887240,0.887540,0
20140305 023212420,0.887250,0.887550,0
20140305 023226170,0.887280,0.887580,0
20140305 023226530,0.887310,0.887610,0
20140305 023226840,0.887300,0.887600,0
20140305 023235810,0.887320,0.887620,0
20140305 023236153,0.887340,0.887640,0
20140305 023239903,0.887350,0.887650,0
20140305 023240607,0.887360,0.887660,0
20140305 023241293,0.887350,0.887650,0
20140305 023241637,0.887340,0.887640,0
20140305 023241983,0.887330,0.887630,0
20140305 023251247,0.887340,0.887640,0
20140305 023252293,0.887330,0.887630,0
20140305 023258827,0.887340,0.887640,0
20140305 023259513,0.887330,0.887630,0
20140305 023301920,0.887340,0.887640,0
20140305 023302263,0.887330,0.887630,0
20140305 023302937,0.887340,0.887640,0
20140305 023303293,0.887330,0.887630,0
20140305 023305687,0.887340,0.887640,0
20140305 023306387,0.887330,0.887630,0
20140305 023306733,0.887340,0.887640,0
20140305 023309467,0.887340,0.887640,0
20140305 023309810,0.887330,0.887630,0
20140305 023322887,0.887340,0.887640,0
20140305 023326653,0.887330,0.887630,0
20140305 023326997,0.887340,0.887640,0
20140305 023332153,0.887330,0.887630,0
20140305 023334560,0.887340,0.887640,0
20140305 023334903,0.887330,0.887630,0
20140305 023336637,0.887340,0.887640,0
20140305 023338340,0.887330,0.887630,0
20140305 023341793,0.887310,0.887610,0
20140305 023343153,0.887300,0.887600,0
20140305 023343840,0.887320,0.887620,0
20140305 023344187,0.887330,0.887630,0
20140305 023346937,0.887310,0.887610,0
20140305 023348310,0.887320,0.887620,0
20140305 023348653,0.887310,0.887610,0
20140305 023402060,0.887320,0.887620,0
20140305 023411687,0.887310,0.887610,0
20140305 023412043,0.887320,0.887620,0
20140305 023413060,0.887310,0.887610,0
20140305 023413403,0.887320,0.887620,0
20140305 023414437,0.887310,0.887610,0
20140305 023420280,0.887300,0.887600,0
20140305 023422357,0.887310,0.887610,0
20140305 023425793,0.887290,0.887590,0
20140305 023429233,0.887300,0.887600,0
20140305 023441607,0.887260,0.887560,0
20140305 023441937,0.887250,0.887550,0
20140305 023442623,0.887260,0.887560,0
20140305 023442983,0.887250,0.887550,0
20140305 023444687,0.887260,0.887560,0
20140305 023457077,0.887270,0.887570,0
20140305 023505653,0.887260,0.887560,0
20140305 023521137,0.887250,0.887550,0
20140305 023536247,0.887250,0.887550,0
20140305 023537983,0.887260,0.887560,0
20140305 023539700,0.887250,0.887550,0
20140305 023606497,0.887260,0.887560,0
20140305 023608217,0.887250,0.887550,0
20140305 023609937,0.887260,0.887560,0
20140305 023610623,0.887250,0.887550,0
20140305 023611653,0.887260,0.887560,0
20140305 023611997,0.887250,0.887550,0
20140305 023614403,0.887260,0.887560,0
20140305 023616123,0.887250,0.887550,0
20140305 023616827,0.887260,0.887560,0
20140305 023618200,0.887250,0.887550,0
20140305 023621293,0.887260,0.887560,0
20140305 023625060,0.887250,0.887550,0
20140305 023625747,0.887260,0.887560,0
20140305 023629887,0.887250,0.887550,0
20140305 023630920,0.887260,0.887560,0
20140305 023635030,0.887250,0.887550,0
20140305 023635733,0.887260,0.887560,0
20140305 023636420,0.887250,0.887550,0
20140305 023636763,0.887260,0.887560,0
20140305 023650170,0.887250,0.887550,0
20140305 023650513,0.887260,0.887560,0
20140305 023652920,0.887250,0.887550,0
20140305 023653263,0.887260,0.887560,0
20140305 023657733,0.887250,0.887550,0
20140305 023658077,0.887260,0.887560,0
20140305 023710107,0.887270,0.887570,0
20140305 023710780,0.887280,0.887580,0
20140305 023711153,0.887320,0.887620,0
20140305 023736577,0.887300,0.887600,0
20140305 023800280,0.887330,0.887630,0
20140305 023802013,0.887320,0.887620,0
20140305 023814387,0.887310,0.887610,0
20140305 023820233,0.887300,0.887600,0
20140305 023820577,0.887310,0.887610,0
20140305 023832623,0.887330,0.887630,0
20140305 023833983,0.887300,0.887600,0
20140305 023836043,0.887290,0.887590,0
20140305 023836733,0.887300,0.887600,0
20140305 023840153,0.887280,0.887580,0
20140305 023840497,0.887270,0.887570,0
20140305 023841530,0.887260,0.887560,0
20140305 023847373,0.887270,0.887570,0
20140305 023850840,0.887280,0.887580,0
20140305 023852187,0.887260,0.887560,0
20140305 023852530,0.887270,0.887570,0
20140305 023856997,0.887290,0.887590,0
20140305 023857340,0.887280,0.887580,0
20140305 023904560,0.887260,0.887560,0
20140305 023910420,0.887250,0.887550,0
20140305 023910763,0.887260,0.887560,0
20140305 023914530,0.887250,0.887550,0
20140305 023915233,0.887260,0.887560,0
20140305 023916247,0.887250,0.887550,0
20140305 023917623,0.887260,0.887560,0
20140305 023919687,0.887250,0.887550,0
20140305 023920717,0.887260,0.887560,0
20140305 023932060,0.887260,0.887560,0
20140305 023937560,0.887270,0.887570,0
20140305 023938590,0.887290,0.887590,0
20140305 023939280,0.887300,0.887600,0
20140305 023949590,0.887310,0.887610,0
20140305 023949950,0.887300,0.887600,0
20140305 023950280,0.887320,0.887620,0
20140305 024000263,0.887310,0.887610,0
20140305 024000607,0.887320,0.887620,0
20140305 024002687,0.887310,0.887610,0
20140305 024003013,0.887320,0.887620,0
20140305 024003717,0.887310,0.887610,0
20140305 024004030,0.887320,0.887620,0
20140305 024004387,0.887330,0.887630,0
20140305 024005060,0.887320,0.887620,0
20140305 024007137,0.887330,0.887630,0
20140305 024010590,0.887320,0.887620,0
20140305 024012280,0.887330,0.887630,0
20140305 024013327,0.887320,0.887620,0
20140305 024015060,0.887380,0.887680,0
20140305 024015387,0.887390,0.887690,0
20140305 024016060,0.887410,0.887710,0
20140305 024017450,0.887430,0.887730,0
20140305 024017780,0.887420,0.887720,0
20140305 024018137,0.887430,0.887730,0
20140305 024018483,0.887410,0.887710,0
20140305 024021560,0.887420,0.887720,0
20140305 024022247,0.887410,0.887710,0
20140305 024024997,0.887420,0.887720,0
20140305 024027420,0.887410,0.887710,0
20140305 024036357,0.887400,0.887700,0
20140305 024037387,0.887410,0.887710,0
20140305 024106280,0.887410,0.887710,0
20140305 024106950,0.887420,0.887720,0
20140305 024107623,0.887430,0.887730,0
20140305 024109357,0.887460,0.887760,0
20140305 024109687,0.887490,0.887790,0
20140305 024120687,0.887480,0.887780,0
20140305 024121030,0.887500,0.887800,0
20140305 024134107,0.887510,0.887810,0
20140305 024135483,0.887500,0.887800,0
20140305 024142340,0.887510,0.887810,0
20140305 024142687,0.887500,0.887800,0
20140305 024144060,0.887510,0.887810,0
20140305 024144420,0.887500,0.887800,0
20140305 024147513,0.887510,0.887810,0
20140305 024148543,0.887520,0.887820,0
20140305 024150247,0.887530,0.887830,0
20140305 024151623,0.887520,0.887820,0
20140305 024153357,0.887530,0.887830,0
20140305 024153687,0.887520,0.887820,0
20140305 024154373,0.887530,0.887830,0
20140305 024154733,0.887550,0.887850,0
20140305 024217763,0.887570,0.887870,0
20140305 024218090,0.887580,0.887880,0
20140305 024219137,0.887590,0.887890,0
20140305 024219467,0.887610,0.887910,0
20140305 024220513,0.887580,0.887880,0
20140305 024224967,0.887580,0.887880,0
20140305 024225310,0.887570,0.887870,0
20140305 024227733,0.887600,0.887900,0
20140305 024228060,0.887590,0.887890,0
20140305 024228403,0.887600,0.887900,0
20140305 024229090,0.887590,0.887890,0
20140305 024229437,0.887600,0.887900,0
20140305 024229780,0.887590,0.887890,0
20140305 024230123,0.887600,0.887900,0
20140305 024230810,0.887590,0.887890,0
20140305 024232873,0.887600,0.887900,0
20140305 024233217,0.887610,0.887910,0
20140305 024237700,0.887620,0.887920,0
20140305 024238043,0.887630,0.887930,0
20140305 024238387,0.887640,0.887940,0
20140305 024238717,0.887630,0.887930,0
20140305 024239060,0.887650,0.887950,0
20140305 024239403,0.887630,0.887930,0
20140305 024239747,0.887640,0.887940,0
20140305 024240107,0.887630,0.887930,0
20140305 024240780,0.887640,0.887940,0
20140305 024241483,0.887630,0.887930,0
20140305 024241827,0.887580,0.887880,0
20140305 024242153,0.887560,0.887860,0
20140305 024244217,0.887550,0.887850,0
20140305 024244560,0.887560,0.887860,0
20140305 024249387,0.887550,0.887850,0
20140305 024253497,0.887560,0.887860,0
20140305 024303810,0.887570,0.887870,0
20140305 024306920,0.887560,0.887860,0
20140305 024307590,0.887570,0.887870,0
20140305 024312060,0.887560,0.887860,0
20140305 024314810,0.887570,0.887870,0
20140305 024316873,0.887560,0.887860,0
20140305 024317217,0.887570,0.887870,0
20140305 024318937,0.887560,0.887860,0
20140305 024319637,0.887550,0.887850,0
20140305 024338543,0.887560,0.887860,0
20140305 024349200,0.887550,0.887850,0
20140305 024350577,0.887560,0.887860,0
20140305 024350903,0.887550,0.887850,0
20140305 024351590,0.887560,0.887860,0
20140305 024356060,0.887550,0.887850,0
20140305 024356420,0.887560,0.887860,0
20140305 024358137,0.887550,0.887850,0
20140305 024400187,0.887560,0.887860,0
20140305 024400543,0.887550,0.887850,0
20140305 024400887,0.887560,0.887860,0
20140305 024406030,0.887570,0.887870,0
20140305 024408467,0.887560,0.887860,0
20140305 024411200,0.887570,0.887870,0
20140305 024411543,0.887560,0.887860,0
20140305 024413937,0.887570,0.887870,0
20140305 024426653,0.887580,0.887880,0
20140305 024428717,0.887570,0.887870,0
20140305 024430780,0.887580,0.887880,0
20140305 024432497,0.887590,0.887890,0
20140305 024432840,0.887580,0.887880,0
20140305 024433187,0.887590,0.887890,0
20140305 024434217,0.887580,0.887880,0
20140305 024449340,0.887590,0.887890,0
20140305 024449687,0.887600,0.887900,0
20140305 024456577,0.887590,0.887890,0
20140305 024458983,0.887580,0.887880,0
20140305 024522340,0.887590,0.887890,0
20140305 024522687,0.887580,0.887880,0
20140305 024559137,0.887570,0.887870,0
20140305 024606700,0.887580,0.887880,0
20140305 024607387,0.887570,0.887870,0
20140305 024608077,0.887560,0.887860,0
20140305 024608763,0.887570,0.887870,0
20140305 024609090,0.887560,0.887860,0
20140305 024610137,0.887570,0.887870,0
20140305 024629387,0.887560,0.887860,0
20140305 024631090,0.887570,0.887870,0
20140305 024631450,0.887560,0.887860,0
20140305 024631793,0.887570,0.887870,0
20140305 024633513,0.887590,0.887890,0
20140305 024634530,0.887570,0.887870,0
20140305 024641403,0.887580,0.887880,0
20140305 024648967,0.887570,0.887870,0
20140305 024652060,0.887580,0.887880,0
20140305 024653437,0.887590,0.887890,0
20140305 024653780,0.887580,0.887880,0
20140305 024703403,0.887570,0.887870,0
20140305 024720247,0.887580,0.887880,0
20140305 024726437,0.887580,0.887880,0
20140305 024733997,0.887590,0.887890,0
20140305 024734340,0.887580,0.887880,0
20140305 024740873,0.887580,0.887880,0
20140305 024741217,0.887590,0.887890,0
20140305 024742263,0.887580,0.887880,0
20140305 024752217,0.887590,0.887890,0
20140305 024807013,0.887600,0.887900,0
20140305 024807357,0.887590,0.887890,0
20140305 024809403,0.887600,0.887900,0
20140305 024812497,0.887590,0.887890,0
20140305 024821107,0.887600,0.887900,0
20140305 024821450,0.887610,0.887910,0
20140305 024826247,0.887600,0.887900,0
20140305 024832793,0.887590,0.887890,0
20140305 024839340,0.887600,0.887900,0
20140305 024839670,0.887610,0.887910,0
20140305 024842403,0.887600,0.887900,0
20140305 024842763,0.887610,0.887910,0
20140305 024843107,0.887620,0.887920,0
20140305 024844827,0.887630,0.887930,0
20140305 024846903,0.887620,0.887920,0
20140305 024847233,0.887630,0.887930,0
20140305 024849637,0.887620,0.887920,0
20140305 024850327,0.887580,0.887880,0
20140305 024850670,0.887560,0.887860,0
20140305 024852030,0.887550,0.887850,0
20140305 024910263,0.887540,0.887840,0
20140305 024910623,0.887510,0.887810,0
20140305 024910950,0.887490,0.887790,0
20140305 024911280,0.887480,0.887780,0
20140305 024912327,0.887470,0.887770,0
20140305 024927437,0.887480,0.887780,0
20140305 024928467,0.887470,0.887770,0
20140305 024930530,0.887450,0.887750,0
20140305 024934310,0.887460,0.887760,0
20140305 024934653,0.887450,0.887750,0
20140305 024941530,0.887470,0.887770,0
20140305 024948403,0.887460,0.887760,0
20140305 025010420,0.887450,0.887750,0
20140305 025011780,0.887440,0.887740,0
20140305 025012467,0.887420,0.887720,0
20140305 025016263,0.887410,0.887710,0
20140305 025017310,0.887320,0.887620,0
20140305 025017653,0.887310,0.887610,0
20140305 025017983,0.887300,0.887600,0
20140305 025018670,0.887320,0.887620,0
20140305 025032780,0.887310,0.887610,0
20140305 025033437,0.887320,0.887620,0
20140305 025045153,0.887310,0.887610,0
20140305 025045483,0.887300,0.887600,0
20140305 025048590,0.887320,0.887620,0
20140305 025111280,0.887310,0.887610,0
20140305 025117090,0.887320,0.887620,0
20140305 025123967,0.887310,0.887610,0
20140305 025205920,0.887300,0.887600,0
20140305 025206247,0.887310,0.887610,0
20140305 025206607,0.887300,0.887600,0
20140305 025209013,0.887310,0.887610,0
20140305 025209340,0.887300,0.887600,0
20140305 025209700,0.887310,0.887610,0
20140305 025220013,0.887290,0.887590,0
20140305 025220357,0.887260,0.887560,0
20140305 025220700,0.887230,0.887530,0
20140305 025221043,0.887220,0.887520,0
20140305 025221387,0.887210,0.887510,0
20140305 025222420,0.887220,0.887520,0
20140305 025224810,0.887210,0.887510,0
20140305 025226873,0.887220,0.887520,0
20140305 025227577,0.887210,0.887510,0
20140305 025228950,0.887220,0.887520,0
20140305 025236873,0.887230,0.887530,0
20140305 025243030,0.887240,0.887540,0
20140305 025244077,0.887230,0.887530,0
20140305 025248873,0.887240,0.887540,0
20140305 025249137,0.887230,0.887530,0
20140305 025332200,0.887220,0.887520,0
20140305 025350763,0.887210,0.887510,0
20140305 025356607,0.887200,0.887500,0
20140305 025359700,0.887210,0.887510,0
20140305 025437840,0.887220,0.887520,0
20140305 025438543,0.887210,0.887510,0
20140305 025439577,0.887190,0.887490,0
20140305 025439903,0.887200,0.887500,0
20140305 025445077,0.887210,0.887510,0
20140305 025447497,0.887230,0.887530,0
20140305 025447827,0.887250,0.887550,0
20140305 025448857,0.887240,0.887540,0
20140305 025449187,0.887220,0.887520,0
20140305 025459840,0.887210,0.887510,0
20140305 025500873,0.887220,0.887520,0
20140305 025501233,0.887210,0.887510,0
20140305 025513607,0.887200,0.887500,0
20140305 025514637,0.887210,0.887510,0
20140305 025517373,0.887200,0.887500,0
20140305 025519437,0.887210,0.887510,0
20140305 025519793,0.887200,0.887500,0
20140305 025522873,0.887210,0.887510,0
20140305 025523920,0.887220,0.887520,0
20140305 025526670,0.887230,0.887530,0
20140305 025528043,0.887220,0.887520,0
20140305 025528387,0.887200,0.887500,0
20140305 025529060,0.887210,0.887510,0
20140305 025530437,0.887200,0.887500,0
20140305 025530780,0.887210,0.887510,0
20140305 025533903,0.887200,0.887500,0
20140305 025534247,0.887160,0.887460,0
20140305 025544123,0.887150,0.887450,0
20140305 025544543,0.887160,0.887460,0
20140305 025556233,0.887170,0.887470,0
20140305 025603450,0.887160,0.887460,0
20140305 025618247,0.887150,0.887450,0
20140305 025619137,0.887160,0.887460,0
20140305 025619247,0.887150,0.887450,0
20140305 025619607,0.887140,0.887440,0
20140305 025621670,0.887150,0.887450,0
20140305 025622700,0.887140,0.887440,0
20140305 025623043,0.887150,0.887450,0
20140305 025634043,0.887140,0.887440,0
20140305 025634387,0.887150,0.887450,0
20140305 025634733,0.887120,0.887420,0
20140305 025635077,0.887140,0.887440,0
20140305 025635403,0.887120,0.887420,0
20140305 025635763,0.887040,0.887340,0
20140305 025636107,0.887020,0.887320,0
20140305 025636450,0.887010,0.887310,0
20140305 025637483,0.887000,0.887300,0
20140305 025640217,0.886990,0.887290,0
20140305 025643357,0.886960,0.887260,0
20140305 025643687,0.886930,0.887230,0
20140305 025644013,0.886920,0.887220,0
20140305 025644357,0.886870,0.887170,0
20140305 025644700,0.886850,0.887150,0
20140305 025646420,0.886840,0.887140,0
20140305 025646763,0.886850,0.887150,0
20140305 025647123,0.886870,0.887170,0
20140305 025648467,0.886870,0.887170,0
20140305 025648840,0.886850,0.887150,0
20140305 025649153,0.886870,0.887170,0
20140305 025649497,0.886860,0.887160,0
20140305 025652967,0.886880,0.887180,0
20140305 025653293,0.886930,0.887230,0
20140305 025654327,0.886920,0.887220,0
20140305 025655013,0.886930,0.887230,0
20140305 025655357,0.886920,0.887220,0
20140305 025655687,0.886890,0.887190,0
20140305 025656733,0.886900,0.887200,0
20140305 025657077,0.886890,0.887190,0
20140305 025657403,0.886900,0.887200,0
20140305 025658123,0.886910,0.887210,0
20140305 025658450,0.886900,0.887200,0
20140305 025708077,0.886920,0.887220,0
20140305 025708403,0.886910,0.887210,0
20140305 025708747,0.886900,0.887200,0
20140305 025721153,0.886920,0.887220,0
20140305 025721497,0.886960,0.887260,0
20140305 025721827,0.886980,0.887280,0
20140305 025722857,0.887000,0.887300,0
20140305 025734530,0.886980,0.887280,0
20140305 025734873,0.886990,0.887290,0
20140305 025735217,0.887010,0.887310,0
20140305 025735577,0.887020,0.887320,0
20140305 025737983,0.887010,0.887310,0
20140305 025740043,0.887020,0.887320,0
20140305 025744170,0.887010,0.887310,0
20140305 025745887,0.887000,0.887300,0
20140305 025748967,0.886970,0.887270,0
20140305 025749997,0.886960,0.887260,0
20140305 025750700,0.886950,0.887250,0
20140305 025811327,0.886940,0.887240,0
20140305 025814077,0.886950,0.887250,0
20140305 025814420,0.886930,0.887230,0
20140305 025820590,0.886940,0.887240,0
20140305 025858747,0.886920,0.887220,0
20140305 025902873,0.886910,0.887210,0
20140305 025903560,0.886920,0.887220,0
20140305 025903903,0.886910,0.887210,0
20140305 025904247,0.886920,0.887220,0
20140305 025905280,0.886930,0.887230,0
20140305 025905623,0.886920,0.887220,0
20140305 025905983,0.886940,0.887240,0
20140305 025930373,0.886930,0.887230,0
20140305 025937247,0.886940,0.887240,0
20140305 025939653,0.886950,0.887250,0
20140305 025940340,0.886960,0.887260,0
20140305 025941043,0.886990,0.887290,0
20140305 025942420,0.886980,0.887280,0
20140305 025942747,0.886970,0.887270,0
20140305 025943780,0.886980,0.887280,0
20140305 025945153,0.887000,0.887300,0
20140305 025946530,0.886980,0.887280,0
20140305 025946873,0.886990,0.887290,0
20140305 025947903,0.886980,0.887280,0
20140305 025950997,0.887000,0.887300,0
20140305 025951340,0.886980,0.887280,0
20140305 025953077,0.886970,0.887270,0
20140305 025953747,0.886980,0.887280,0
20140305 025959950,0.886960,0.887260,0
20140305 030000997,0.886940,0.887240,0
20140305 030001670,0.886930,0.887230,0
20140305 030002373,0.886950,0.887250,0
20140305 030002717,0.886960,0.887260,0
20140305 030003043,0.886940,0.887240,0
20140305 030004077,0.886930,0.887230,0
20140305 030004763,0.886920,0.887220,0
20140305 030005450,0.886930,0.887230,0
20140305 030005780,0.886940,0.887240,0
20140305 030007840,0.886930,0.887230,0
20140305 030009217,0.886920,0.887220,0
20140305 030009920,0.886930,0.887230,0
20140305 030013700,0.886920,0.887220,0
20140305 030014403,0.886930,0.887230,0
20140305 030016780,0.886940,0.887240,0
20140305 030017467,0.886950,0.887250,0
20140305 030019187,0.886940,0.887240,0
20140305 030020233,0.886950,0.887250,0
20140305 030021607,0.886940,0.887240,0
20140305 030023327,0.886950,0.887250,0
20140305 030024013,0.886940,0.887240,0
20140305 030026420,0.886950,0.887250,0
20140305 030028153,0.886970,0.887270,0
20140305 030028497,0.887000,0.887300,0
20140305 030028840,0.886980,0.887280,0
20140305 030029513,0.886970,0.887270,0
20140305 030030560,0.886960,0.887260,0
20140305 030030887,0.886940,0.887240,0
20140305 030043937,0.886950,0.887250,0
20140305 030044280,0.886970,0.887270,0
20140305 030044623,0.886950,0.887250,0
20140305 030048403,0.886960,0.887260,0
20140305 030048747,0.886970,0.887270,0
20140305 030052543,0.886960,0.887260,0
20140305 030052887,0.886950,0.887250,0
20140305 030053233,0.886940,0.887240,0
20140305 030057373,0.886950,0.887250,0
20140305 030057717,0.886970,0.887270,0
20140305 030058060,0.886960,0.887260,0
20140305 030058733,0.886950,0.887250,0
20140305 030059217,0.886940,0.887240,0
20140305 030059420,0.886950,0.887250,0
20140305 030101153,0.886960,0.887260,0
20140305 030101467,0.886980,0.887280,0
20140305 030101810,0.886970,0.887270,0
20140305 030102153,0.886980,0.887280,0
20140305 030103887,0.886950,0.887250,0
20140305 030104577,0.886940,0.887240,0
20140305 030110060,0.886950,0.887250,0
20140305 030110403,0.886940,0.887240,0
20140305 030117623,0.886930,0.887230,0
20140305 030141340,0.886940,0.887240,0
20140305 030141687,0.886930,0.887230,0
20140305 030142030,0.886940,0.887240,0
20140305 030143077,0.886930,0.887230,0
20140305 030143403,0.886940,0.887240,0
20140305 030145810,0.886920,0.887220,0
20140305 030146153,0.886930,0.887230,0
20140305 030146840,0.886920,0.887220,0
20140305 030147530,0.886930,0.887230,0
20140305 030148560,0.886920,0.887220,0
20140305 030148903,0.886930,0.887230,0
20140305 030151653,0.886940,0.887240,0
20140305 030153373,0.886930,0.887230,0
20140305 030154060,0.886920,0.887220,0
20140305 030154403,0.886890,0.887190,0
20140305 030155780,0.886930,0.887230,0
20140305 030156810,0.886920,0.887220,0
20140305 030157153,0.886930,0.887230,0
20140305 030157840,0.886920,0.887220,0
20140305 030158187,0.886930,0.887230,0
20140305 030159217,0.886920,0.887220,0
20140305 030159560,0.886930,0.887230,0
20140305 030200950,0.886910,0.887210,0
20140305 030201293,0.886890,0.887190,0
20140305 030201637,0.886900,0.887200,0
20140305 030202310,0.886910,0.887210,0
20140305 030203013,0.886930,0.887230,0
20140305 030206437,0.886920,0.887220,0
20140305 030207137,0.886900,0.887200,0
20140305 030207467,0.886890,0.887190,0
20140305 030208170,0.886900,0.887200,0
20140305 030209137,0.886890,0.887190,0
20140305 030209200,0.886900,0.887200,0
20140305 030209530,0.886930,0.887230,0
20140305 030210217,0.886940,0.887240,0
20140305 030210560,0.886930,0.887230,0
20140305 030210903,0.886940,0.887240,0
20140305 030211590,0.886930,0.887230,0
20140305 030212280,0.886940,0.887240,0
20140305 030214700,0.886920,0.887220,0
20140305 030215373,0.886930,0.887230,0
20140305 030216060,0.886920,0.887220,0
20140305 030219857,0.886930,0.887230,0
20140305 030220200,0.886920,0.887220,0
20140305 030222950,0.886910,0.887210,0
20140305 030224997,0.886920,0.887220,0
20140305 030226387,0.886930,0.887230,0
20140305 030226717,0.886920,0.887220,0
20140305 030227403,0.886930,0.887230,0
20140305 030227763,0.886950,0.887250,0
20140305 030250090,0.886940,0.887240,0
20140305 030250467,0.886950,0.887250,0
20140305 030250793,0.886960,0.887260,0
20140305 030251137,0.886950,0.887250,0
20140305 030251483,0.886960,0.887260,0
20140305 030251827,0.886950,0.887250,0
20140305 030252187,0.886960,0.887260,0
20140305 030253543,0.886950,0.887250,0
20140305 030253887,0.886960,0.887260,0
20140305 030254233,0.886950,0.887250,0
20140305 030254920,0.886960,0.887260,0
20140305 030256997,0.886950,0.887250,0
20140305 030258700,0.886960,0.887260,0
20140305 030306950,0.886980,0.887280,0
20140305 030307293,0.886960,0.887260,0
20140305 030308327,0.886970,0.887270,0
20140305 030308670,0.886960,0.887260,0
20140305 030316577,0.886970,0.887270,0
20140305 030316920,0.886960,0.887260,0
20140305 030323090,0.886970,0.887270,0
20140305 030324467,0.886960,0.887260,0
20140305 030324810,0.886970,0.887270,0
20140305 030329623,0.886960,0.887260,0
20140305 030330653,0.886970,0.887270,0
20140305 030330997,0.886960,0.887260,0
20140305 030332030,0.886970,0.887270,0
20140305 030332373,0.886960,0.887260,0
20140305 030332717,0.886970,0.887270,0
20140305 030333060,0.886960,0.887260,0
20140305 030333403,0.886970,0.887270,0
20140305 030334090,0.886960,0.887260,0
20140305 030334780,0.886970,0.887270,0
20140305 030335467,0.886960,0.887260,0
20140305 030336170,0.886970,0.887270,0
20140305 030337200,0.886960,0.887260,0
20140305 030337530,0.886970,0.887270,0
20140305 030337887,0.886960,0.887260,0
20140305 030338577,0.886960,0.887260,0
20140305 030344763,0.886970,0.887270,0
20140305 030345780,0.886980,0.887280,0
20140305 030347840,0.886990,0.887290,0
20140305 030348187,0.886980,0.887280,0
20140305 030348873,0.886970,0.887270,0
20140305 030349217,0.886990,0.887290,0
20140305 030349560,0.887000,0.887300,0
20140305 030353340,0.887020,0.887320,0
20140305 030353687,0.887030,0.887330,0
20140305 030356090,0.887040,0.887340,0
20140305 030356450,0.887070,0.887370,0
20140305 030356793,0.887100,0.887400,0
20140305 030358513,0.887110,0.887410,0
20140305 030405733,0.887120,0.887420,0
20140305 030406077,0.887140,0.887440,0
20140305 030406403,0.887100,0.887400,0
20140305 030406747,0.887110,0.887410,0
20140305 030410530,0.887100,0.887400,0
20140305 030410873,0.887110,0.887410,0
20140305 030433920,0.887140,0.887440,0
20140305 030434263,0.887170,0.887470,0
20140305 030434590,0.887160,0.887460,0
20140305 030434937,0.887170,0.887470,0
20140305 030437700,0.887130,0.887430,0
20140305 030438030,0.887120,0.887420,0
20140305 030438373,0.887100,0.887400,0
20140305 030445247,0.887110,0.887410,0
20140305 030446280,0.887100,0.887400,0
20140305 030446623,0.887090,0.887390,0
20140305 030447997,0.887070,0.887370,0
20140305 030448340,0.887040,0.887340,0
20140305 030449030,0.887030,0.887330,0
20140305 030449733,0.887020,0.887320,0
20140305 030450090,0.886990,0.887290,0
20140305 030454873,0.886980,0.887280,0
20140305 030500387,0.886970,0.887270,0
20140305 030500747,0.886950,0.887250,0
20140305 030503483,0.886960,0.887260,0
20140305 030503827,0.886970,0.887270,0
20140305 030504497,0.886990,0.887290,0
20140305 030506903,0.887010,0.887310,0
20140305 030507967,0.886960,0.887260,0
20140305 030508293,0.886940,0.887240,0
20140305 030510030,0.886930,0.887230,0
20140305 030510357,0.886920,0.887220,0
20140305 030521357,0.886930,0.887230,0
20140305 030542327,0.886940,0.887240,0
20140305 030543357,0.886920,0.887220,0
20140305 030543700,0.886890,0.887190,0
20140305 030544043,0.886880,0.887180,0
20140305 030545060,0.886890,0.887190,0
20140305 030547483,0.886900,0.887200,0
20140305 030548513,0.886910,0.887210,0
20140305 030549887,0.886890,0.887190,0
20140305 030550920,0.886880,0.887180,0
20140305 030551590,0.886870,0.887170,0
20140305 030552293,0.886910,0.887210,0
20140305 030552623,0.886920,0.887220,0
20140305 030552997,0.886940,0.887240,0
20140305 030553327,0.886950,0.887250,0
20140305 030556077,0.887000,0.887300,0
