20140306 000000163,0.888650,0.888950,0
20140306 000000853,0.888660,0.888960,0
20140306 000001210,0.888700,0.889000,0
20140306 000002227,0.888720,0.889020,0
20140306 000002557,0.888710,0.889010,0
20140306 000003930,0.888720,0.889020,0
20140306 000004273,0.888710,0.889010,0
20140306 000005320,0.888700,0.889000,0
20140306 000006697,0.888690,0.888990,0
20140306 000007383,0.888700,0.889000,0
20140306 000008070,0.888710,0.889010,0
20140306 000009447,0.888700,0.889000,0
20140306 000010807,0.888690,0.888990,0
20140306 000015273,0.888650,0.888950,0
20140306 000015633,0.888670,0.888970,0
20140306 000015960,0.888680,0.888980,0
20140306 000016663,0.888670,0.888970,0
20140306 000021820,0.888650,0.888950,0
20140306 000022163,0.888640,0.888940,0
20140306 000022507,0.888660,0.888960,0
20140306 000023540,0.888650,0.888950,0
20140306 000030070,0.888670,0.888970,0
20140306 000105460,0.888640,0.888940,0
20140306 000205960,0.888620,0.888920,0
20140306 000230710,0.888600,0.888900,0
20140306 000231053,0.888590,0.888890,0
20140306 000234490,0.888600,0.888900,0
20140306 000236227,0.888590,0.888890,0
20140306 000240337,0.888580,0.888880,0
20140306 000243100,0.888560,0.888860,0
20140306 000243430,0.888530,0.888830,0
20140306 000257537,0.888570,0.888870,0
20140306 000258210,0.888580,0.888880,0
20140306 000301647,0.888540,0.888840,0
20140306 000337413,0.888520,0.888820,0
20140306 000337757,0.888510,0.888810,0
20140306 000416927,0.888520,0.888820,0
20140306 000425177,0.888510,0.888810,0
20140306 000442710,0.888500,0.888800,0
20140306 000443397,0.888510,0.888810,0
20140306 000446833,0.888500,0.888800,0
20140306 000447867,0.888480,0.888780,0
20140306 000449927,0.888500,0.888800,0
20140306 000517100,0.888510,0.888810,0
20140306 000517427,0.888520,0.888820,0
20140306 000521897,0.888510,0.888810,0
20140306 000540117,0.888490,0.888790,0
20140306 000541833,0.888500,0.888800,0
20140306 000546303,0.888510,0.888810,0
20140306 000550100,0.888500,0.888800,0
20140306 000552490,0.888490,0.888790,0
20140306 000555583,0.888500,0.888800,0
20140306 000603147,0.888490,0.888790,0
20140306 000611053,0.888480,0.888780,0
20140306 000611397,0.888490,0.888790,0
20140306 000712240,0.888500,0.888800,0
20140306 000712583,0.888510,0.888810,0
20140306 000733897,0.888500,0.888800,0
20140306 000734240,0.888510,0.888810,0
20140306 000750397,0.888520,0.888820,0
20140306 000754863,0.888530,0.888830,0
20140306 000825833,0.888540,0.888840,0
20140306 000844723,0.888530,0.888830,0
20140306 000852287,0.888510,0.888810,0
20140306 000910490,0.888520,0.888820,0
20140306 000913597,0.888510,0.888810,0
20140306 000913927,0.888520,0.888820,0
20140306 000931473,0.888510,0.888810,0
20140306 000931817,0.888500,0.888800,0
20140306 000937660,0.888510,0.888810,0
20140306 001012723,0.888500,0.888800,0
20140306 001015817,0.888510,0.888810,0
20140306 001045723,0.888520,0.888820,0
20140306 001114583,0.888510,0.888810,0
20140306 001148987,0.888500,0.888800,0
20140306 001322817,0.888510,0.888810,0
20140306 001349283,0.888500,0.888800,0
20140306 001354080,0.888510,0.888810,0
20140306 001455957,0.888520,0.888820,0
20140306 001458720,0.888510,0.888810,0
20140306 001528627,0.888560,0.888860,0
20140306 001530690,0.888570,0.888870,0
20140306 001631547,0.888560,0.888860,0
20140306 001632563,0.888520,0.888820,0
20140306 001632907,0.888510,0.888810,0
20140306 001637720,0.888530,0.888830,0
20140306 001642173,0.888510,0.888810,0
20140306 001653190,0.888500,0.888800,0
20140306 001656627,0.888510,0.888810,0
20140306 001718610,0.888520,0.888820,0
20140306 001743033,0.888510,0.888810,0
20140306 001809500,0.888490,0.888790,0
20140306 001816033,0.888500,0.888800,0
20140306 001829423,0.888510,0.888810,0
20140306 001829783,0.888500,0.888800,0
20140306 001837673,0.888490,0.888790,0
20140306 001839390,0.888500,0.888800,0
20140306 001840080,0.888490,0.888790,0
20140306 001850047,0.888480,0.888780,0
20140306 001850390,0.888490,0.888790,0
20140306 001930610,0.888500,0.888800,0
20140306 001957767,0.888490,0.888790,0
20140306 002024577,0.888500,0.888800,0
20140306 002040733,0.888490,0.888790,0
20140306 002041077,0.888500,0.888800,0
20140306 002136077,0.888510,0.888810,0
20140306 002236233,0.888500,0.888800,0
20140306 002251703,0.888510,0.888810,0
20140306 002406640,0.888520,0.888820,0
20140306 002414203,0.888510,0.888810,0
20140306 002432077,0.888520,0.888820,0
20140306 002455107,0.888510,0.888810,0
20140306 002458200,0.888520,0.888820,0
20140306 002516763,0.888510,0.888810,0
20140306 002628607,0.888500,0.888800,0
20140306 002700233,0.888510,0.888810,0
20140306 002827200,0.888520,0.888820,0
20140306 002848527,0.888570,0.888870,0
20140306 002848873,0.888560,0.888860,0
20140306 002850230,0.888570,0.888870,0
20140306 002905027,0.888580,0.888880,0
20140306 002905357,0.888570,0.888870,0
20140306 002905717,0.888580,0.888880,0
20140306 002906387,0.888590,0.888890,0
20140306 002908467,0.888580,0.888880,0
20140306 002910857,0.888590,0.888890,0
20140306 002911887,0.888580,0.888880,0
20140306 002942183,0.888530,0.888830,0
20140306 002942497,0.888520,0.888820,0
20140306 002945950,0.888510,0.888810,0
20140306 003046090,0.888500,0.888800,0
20140306 003115667,0.888490,0.888790,0
20140306 003116027,0.888500,0.888800,0
20140306 003116357,0.888490,0.888790,0
20140306 003118073,0.888480,0.888780,0
20140306 003128027,0.888490,0.888790,0
20140306 003129417,0.888480,0.888780,0
20140306 003218213,0.888460,0.888760,0
20140306 003219590,0.888470,0.888770,0
20140306 003219933,0.888460,0.888760,0
20140306 003235057,0.888470,0.888770,0
20140306 003328697,0.888480,0.888780,0
20140306 003350010,0.888470,0.888770,0
20140306 003350353,0.888510,0.888810,0
20140306 003350713,0.888480,0.888780,0
20140306 003409603,0.888500,0.888800,0
20140306 003412010,0.888510,0.888810,0
20140306 003414417,0.888520,0.888820,0
20140306 003424027,0.888500,0.888800,0
20140306 003424387,0.888510,0.888810,0
20140306 003426103,0.888500,0.888800,0
20140306 003426447,0.888510,0.888810,0
20140306 003427480,0.888500,0.888800,0
20140306 003429197,0.888510,0.888810,0
20140306 003448447,0.888530,0.888830,0
20140306 003448837,0.888520,0.888820,0
20140306 003514230,0.888510,0.888810,0
20140306 003525230,0.888500,0.888800,0
20140306 003526603,0.888510,0.888810,0
20140306 003533823,0.888520,0.888820,0
20140306 003534167,0.888530,0.888830,0
20140306 003546540,0.888560,0.888860,0
20140306 003547213,0.888540,0.888840,0
20140306 003547573,0.888560,0.888860,0
20140306 003550323,0.888550,0.888850,0
20140306 003652197,0.888560,0.888860,0
20140306 003702167,0.888570,0.888870,0
20140306 003702493,0.888580,0.888880,0
20140306 003715917,0.888590,0.888890,0
20140306 003726557,0.888580,0.888880,0
20140306 003726917,0.888570,0.888870,0
20140306 003729307,0.888560,0.888860,0
20140306 003739617,0.888550,0.888850,0
20140306 003740650,0.888560,0.888860,0
20140306 003741337,0.888570,0.888870,0
20140306 003746837,0.888580,0.888880,0
20140306 003757837,0.888590,0.888890,0
20140306 003804390,0.888580,0.888880,0
20140306 003814013,0.888570,0.888870,0
20140306 003815737,0.888560,0.888860,0
20140306 003831210,0.888550,0.888850,0
20140306 003831897,0.888570,0.888870,0
20140306 003937567,0.888560,0.888860,0
20140306 003951677,0.888550,0.888850,0
20140306 004007147,0.888540,0.888840,0
20140306 004009880,0.888560,0.888860,0
20140306 004012630,0.888540,0.888840,0
20140306 004036020,0.888550,0.888850,0
20140306 004051490,0.888540,0.888840,0
20140306 004051833,0.888530,0.888830,0
20140306 004145787,0.888540,0.888840,0
20140306 004230147,0.888550,0.888850,0
20140306 004254897,0.888530,0.888830,0
20140306 004316550,0.888560,0.888860,0
20140306 004317253,0.888540,0.888840,0
20140306 004339253,0.888520,0.888820,0
20140306 004339927,0.888530,0.888830,0
20140306 004350927,0.888550,0.888850,0
20140306 004357113,0.888540,0.888840,0
20140306 004410177,0.888520,0.888820,0
20140306 004441457,0.888510,0.888810,0
20140306 004457597,0.888500,0.888800,0
20140306 004501393,0.888490,0.888790,0
20140306 004506207,0.888500,0.888800,0
20140306 004507567,0.888490,0.888790,0
20140306 004508597,0.888540,0.888840,0
20140306 004508957,0.888520,0.888820,0
20140306 004509643,0.888510,0.888810,0
20140306 004513410,0.888490,0.888790,0
20140306 004515817,0.888480,0.888780,0
20140306 004520287,0.888490,0.888790,0
20140306 004545380,0.888510,0.888810,0
20140306 004548473,0.888500,0.888800,0
20140306 004557067,0.888490,0.888790,0
20140306 004557410,0.888500,0.888800,0
20140306 004558440,0.888490,0.888790,0
20140306 004620787,0.888480,0.888780,0
20140306 004621127,0.888470,0.888770,0
20140306 004644863,0.888480,0.888780,0
20140306 004703080,0.888460,0.888760,0
20140306 004707533,0.888450,0.888750,0
20140306 004724737,0.888460,0.888760,0
20140306 004725067,0.888450,0.888750,0
20140306 004804253,0.888440,0.888740,0
20140306 004815940,0.888450,0.888750,0
20140306 004835533,0.888440,0.888740,0
20140306 004835877,0.888460,0.888760,0
20140306 004856160,0.888450,0.888750,0
20140306 004929157,0.888460,0.888760,0
20140306 004942907,0.888450,0.888750,0
20140306 005002860,0.888460,0.888760,0
20140306 005023127,0.888450,0.888750,0
20140306 005050970,0.888460,0.888760,0
20140306 005052003,0.888450,0.888750,0
20140306 005104377,0.888460,0.888760,0
20140306 005108157,0.888470,0.888770,0
20140306 005108500,0.888480,0.888780,0
20140306 005137047,0.888490,0.888790,0
20140306 005210720,0.888480,0.888780,0
20140306 005227563,0.888460,0.888760,0
20140306 005228267,0.888450,0.888750,0
20140306 005242687,0.888430,0.888730,0
20140306 005243047,0.888460,0.888760,0
20140306 005247847,0.888450,0.888750,0
20140306 005255423,0.888460,0.888760,0
20140306 005255767,0.888450,0.888750,0
20140306 005301953,0.888460,0.888760,0
20140306 005309860,0.888450,0.888750,0
20140306 005324987,0.888460,0.888760,0
20140306 005326017,0.888450,0.888750,0
20140306 005326360,0.888480,0.888780,0
20140306 005326703,0.888490,0.888790,0
20140306 005328407,0.888480,0.888780,0
20140306 005336330,0.888490,0.888790,0
20140306 005417907,0.888480,0.888780,0
20140306 005423407,0.888490,0.888790,0
20140306 005423750,0.888480,0.888780,0
20140306 005428907,0.888470,0.888770,0
20140306 005429250,0.888480,0.888780,0
20140306 005429593,0.888490,0.888790,0
20140306 005429937,0.888480,0.888780,0
20140306 005431673,0.888490,0.888790,0
20140306 005434077,0.888480,0.888780,0
20140306 005434407,0.888490,0.888790,0
20140306 005434750,0.888480,0.888780,0
20140306 005435127,0.888470,0.888770,0
20140306 005435453,0.888480,0.888780,0
20140306 005435797,0.888470,0.888770,0
20140306 005436827,0.888460,0.888760,0
20140306 005440267,0.888470,0.888770,0
20140306 005455047,0.888460,0.888760,0
20140306 005455390,0.888480,0.888780,0
20140306 005455733,0.888470,0.888770,0
20140306 005500877,0.888460,0.888760,0
20140306 005505360,0.888480,0.888780,0
20140306 005505703,0.888470,0.888770,0
20140306 005506390,0.888460,0.888760,0
20140306 005508093,0.888480,0.888780,0
20140306 005510500,0.888470,0.888770,0
20140306 005515327,0.888490,0.888790,0
20140306 005515673,0.888470,0.888770,0
20140306 005520483,0.888480,0.888780,0
20140306 005520813,0.888460,0.888760,0
20140306 005522187,0.888480,0.888780,0
20140306 005522530,0.888460,0.888760,0
20140306 005526657,0.888450,0.888750,0
20140306 005602767,0.888440,0.888740,0
20140306 005605860,0.888460,0.888760,0
20140306 005610670,0.888450,0.888750,0
20140306 005611360,0.888460,0.888760,0
20140306 005623733,0.888450,0.888750,0
20140306 005632327,0.888440,0.888740,0
20140306 005638860,0.888450,0.888750,0
20140306 005639547,0.888440,0.888740,0
20140306 005643670,0.888450,0.888750,0
20140306 005645047,0.888480,0.888780,0
20140306 005647780,0.888500,0.888800,0
20140306 005648140,0.888480,0.888780,0
20140306 005700170,0.888490,0.888790,0
20140306 005706703,0.888500,0.888800,0
20140306 005737657,0.888520,0.888820,0
20140306 005749327,0.888530,0.888830,0
20140306 005752077,0.888560,0.888860,0
20140306 005757217,0.888550,0.888850,0
20140306 005821640,0.888540,0.888840,0
20140306 005905623,0.888550,0.888850,0
20140306 005932107,0.888560,0.888860,0
20140306 005934857,0.888580,0.888880,0
20140306 005937263,0.888590,0.888890,0
20140306 005943107,0.888600,0.888900,0
20140306 005944140,0.888610,0.888910,0
20140306 005946547,0.888600,0.888900,0
20140306 005946873,0.888610,0.888910,0
20140306 005947233,0.888620,0.888920,0
20140306 005948263,0.888630,0.888930,0
20140306 005948607,0.888660,0.888960,0
20140306 005948950,0.888670,0.888970,0
20140306 005949280,0.888660,0.888960,0
20140306 005949623,0.888670,0.888970,0
20140306 005950327,0.888660,0.888960,0
20140306 005950653,0.888670,0.888970,0
20140306 005952047,0.888650,0.888950,0
20140306 005952390,0.888660,0.888960,0
20140306 005954450,0.888670,0.888970,0
20140306 005954810,0.888680,0.888980,0
20140306 005955140,0.888690,0.888990,0
20140306 005955483,0.888670,0.888970,0
20140306 005955843,0.888640,0.888940,0
20140306 005956170,0.888610,0.888910,0
20140306 005958577,0.888630,0.888930,0
20140306 005958920,0.888600,0.888900,0
20140306 005959263,0.888610,0.888910,0
20140306 005959937,0.888600,0.888900,0
20140306 010000640,0.888610,0.888910,0
20140306 010008187,0.888590,0.888890,0
20140306 010021593,0.888580,0.888880,0
20140306 010107310,0.888590,0.888890,0
20140306 010110060,0.888600,0.888900,0
20140306 010113153,0.888590,0.888890,0
20140306 010117280,0.888580,0.888880,0
20140306 010117967,0.888560,0.888860,0
20140306 010136187,0.888570,0.888870,0
20140306 010142043,0.888560,0.888860,0
20140306 010145123,0.888570,0.888870,0
20140306 010145810,0.888580,0.888880,0
20140306 010150967,0.888560,0.888860,0
20140306 010151310,0.888550,0.888850,0
20140306 010209873,0.888560,0.888860,0
20140306 010210217,0.888570,0.888870,0
20140306 010210560,0.888580,0.888880,0
20140306 010217793,0.888560,0.888860,0
20140306 010220527,0.888550,0.888850,0
20140306 010230840,0.888530,0.888830,0
20140306 010233950,0.888500,0.888800,0
20140306 010234967,0.888490,0.888790,0
20140306 010235327,0.888470,0.888770,0
20140306 010235653,0.888480,0.888780,0
20140306 010305903,0.888490,0.888790,0
20140306 010322060,0.888460,0.888760,0
20140306 010322403,0.888490,0.888790,0
20140306 010327217,0.888510,0.888810,0
20140306 010334777,0.888520,0.888820,0
20140306 010336840,0.888510,0.888810,0
20140306 010342013,0.888480,0.888780,0
20140306 010342683,0.888450,0.888750,0
20140306 010409497,0.888440,0.888740,0
20140306 010409857,0.888380,0.888680,0
20140306 010410527,0.888390,0.888690,0
20140306 010413620,0.888380,0.888680,0
20140306 010441137,0.888370,0.888670,0
20140306 010441480,0.888380,0.888680,0
20140306 010456607,0.888390,0.888690,0
20140306 010518247,0.888400,0.888700,0
20140306 010519637,0.888390,0.888690,0
20140306 010529247,0.888420,0.888720,0
20140306 010529607,0.888400,0.888700,0
20140306 010529950,0.888390,0.888690,0
20140306 010530637,0.888400,0.888700,0
20140306 010550557,0.888390,0.888690,0
20140306 010550903,0.888400,0.888700,0
20140306 010558807,0.888390,0.888690,0
20140306 010603277,0.888370,0.888670,0
20140306 010612903,0.888390,0.888690,0
20140306 010613247,0.888400,0.888700,0
20140306 010634917,0.888390,0.888690,0
20140306 010635277,0.888410,0.888710,0
20140306 010635607,0.888420,0.888720,0
20140306 010635933,0.888390,0.888690,0
20140306 010639043,0.888380,0.888680,0
20140306 010641777,0.888390,0.888690,0
20140306 010642120,0.888380,0.888680,0
20140306 010642823,0.888390,0.888690,0
20140306 010643497,0.888380,0.888680,0
20140306 010644887,0.888370,0.888670,0
20140306 010659323,0.888380,0.888680,0
20140306 010702057,0.888370,0.888670,0
20140306 010728857,0.888380,0.888680,0
20140306 010729230,0.888370,0.888670,0
20140306 010745043,0.888380,0.888680,0
20140306 010746090,0.888370,0.888670,0
20140306 010746417,0.888360,0.888660,0
20140306 010752603,0.888370,0.888670,0
20140306 010753980,0.888380,0.888680,0
20140306 010754323,0.888390,0.888690,0
20140306 010807043,0.888400,0.888700,0
20140306 010812870,0.888390,0.888690,0
20140306 010818370,0.888380,0.888680,0
20140306 010836260,0.888390,0.888690,0
20140306 010838853,0.888410,0.888710,0
20140306 010839010,0.888420,0.888720,0
20140306 010841073,0.888410,0.888710,0
20140306 010853447,0.888420,0.888720,0
20140306 010853777,0.888410,0.888710,0
20140306 010915447,0.888420,0.888720,0
20140306 010915777,0.888410,0.888710,0
20140306 010917167,0.888420,0.888720,0
20140306 010918540,0.888410,0.888710,0
20140306 010918887,0.888420,0.888720,0
20140306 010923713,0.888410,0.888710,0
20140306 010941587,0.888420,0.888720,0
20140306 010941933,0.888410,0.888710,0
20140306 010956027,0.888420,0.888720,0
20140306 010957057,0.888410,0.888710,0
20140306 010957400,0.888440,0.888740,0
20140306 011003243,0.888410,0.888710,0
20140306 011003587,0.888430,0.888730,0
20140306 011007027,0.888420,0.888720,0
20140306 011008057,0.888410,0.888710,0
20140306 011017323,0.888400,0.888700,0
20140306 011021807,0.888410,0.888710,0
20140306 011023837,0.888400,0.888700,0
20140306 011024540,0.888410,0.888710,0
20140306 011024887,0.888400,0.888700,0
20140306 011037947,0.888410,0.888710,0
20140306 011040713,0.888400,0.888700,0
20140306 011043807,0.888410,0.888710,0
20140306 011046900,0.888400,0.888700,0
20140306 011047930,0.888410,0.888710,0
20140306 011112323,0.888400,0.888700,0
20140306 011115430,0.888420,0.888720,0
20140306 011149447,0.888380,0.888680,0
20140306 011149790,0.888400,0.888700,0
20140306 011150837,0.888410,0.888710,0
20140306 011154947,0.888400,0.888700,0
20140306 011202167,0.888350,0.888650,0
20140306 011202510,0.888370,0.888670,0
20140306 011202853,0.888390,0.888690,0
20140306 011203213,0.888400,0.888700,0
20140306 011210430,0.888390,0.888690,0
20140306 011210777,0.888400,0.888700,0
20140306 011223150,0.888380,0.888680,0
20140306 011223493,0.888390,0.888690,0
20140306 011223837,0.888400,0.888700,0
20140306 011229680,0.888430,0.888730,0
20140306 011236900,0.888440,0.888740,0
20140306 011237587,0.888450,0.888750,0
20140306 011239650,0.888440,0.888740,0
20140306 011240320,0.888450,0.888750,0
20140306 011248587,0.888460,0.888760,0
20140306 011250307,0.888430,0.888730,0
20140306 011250650,0.888450,0.888750,0
20140306 011256837,0.888440,0.888740,0
20140306 011303023,0.888430,0.888730,0
20140306 011305430,0.888400,0.888700,0
20140306 011305773,0.888390,0.888690,0
20140306 011306447,0.888380,0.888680,0
20140306 011328103,0.888390,0.888690,0
20140306 011333257,0.888400,0.888700,0
20140306 011334633,0.888410,0.888710,0
20140306 011335667,0.888400,0.888700,0
20140306 011337040,0.888410,0.888710,0
20140306 011338070,0.888400,0.888700,0
20140306 011344257,0.888390,0.888690,0
20140306 011354930,0.888400,0.888700,0
20140306 011401117,0.888390,0.888690,0
20140306 011409023,0.888400,0.888700,0
20140306 011409710,0.888390,0.888690,0
20140306 011411087,0.888400,0.888700,0
20140306 011413493,0.888390,0.888690,0
20140306 011432400,0.888370,0.888670,0
20140306 011432743,0.888390,0.888690,0
20140306 011433087,0.888380,0.888680,0
20140306 011434117,0.888390,0.888690,0
20140306 011435837,0.888380,0.888680,0
20140306 011436867,0.888400,0.888700,0
20140306 011437210,0.888380,0.888680,0
20140306 011500587,0.888370,0.888670,0
20140306 011501273,0.888390,0.888690,0
20140306 011501617,0.888420,0.888720,0
20140306 011502650,0.888400,0.888700,0
20140306 011508133,0.888380,0.888680,0
20140306 011512273,0.888400,0.888700,0
20140306 011512960,0.888380,0.888680,0
20140306 011513307,0.888400,0.888700,0
20140306 011513977,0.888380,0.888680,0
20140306 011514337,0.888400,0.888700,0
20140306 011514680,0.888390,0.888690,0
20140306 011515023,0.888400,0.888700,0
20140306 011515697,0.888390,0.888690,0
20140306 011517773,0.888380,0.888680,0
20140306 011523960,0.888370,0.888670,0
20140306 011524290,0.888360,0.888660,0
20140306 011538413,0.888350,0.888650,0
20140306 011539087,0.888340,0.888640,0
20140306 011600053,0.888350,0.888650,0
20140306 011600727,0.888340,0.888640,0
20140306 011601087,0.888350,0.888650,0
20140306 011602117,0.888340,0.888640,0
20140306 011607273,0.888350,0.888650,0
20140306 011609680,0.888370,0.888670,0
20140306 011610023,0.888390,0.888690,0
20140306 011611413,0.888400,0.888700,0
20140306 011611757,0.888430,0.888730,0
20140306 011612087,0.888450,0.888750,0
20140306 011612430,0.888440,0.888740,0
20140306 011615523,0.888430,0.888730,0
20140306 011620007,0.888420,0.888720,0
20140306 011621367,0.888450,0.888750,0
20140306 011621710,0.888400,0.888700,0
20140306 011622743,0.888390,0.888690,0
20140306 011638210,0.888400,0.888700,0
20140306 011638897,0.888390,0.888690,0
20140306 011641303,0.888400,0.888700,0
20140306 011707087,0.888410,0.888710,0
20140306 011727007,0.888400,0.888700,0
20140306 011746600,0.888390,0.888690,0
20140306 011753477,0.888400,0.888700,0
20140306 011816850,0.888390,0.888690,0
20140306 011817210,0.888400,0.888700,0
20140306 011819943,0.888390,0.888690,0
20140306 011839897,0.888380,0.888680,0
20140306 011842977,0.888370,0.888670,0
20140306 011843320,0.888380,0.888680,0
20140306 011843677,0.888370,0.888670,0
20140306 011844023,0.888380,0.888680,0
20140306 011847803,0.888370,0.888670,0
20140306 011848147,0.888360,0.888660,0
20140306 011850210,0.888380,0.888680,0
20140306 011853990,0.888370,0.888670,0
20140306 011855023,0.888360,0.888660,0
20140306 011855693,0.888340,0.888640,0
20140306 011907397,0.888330,0.888630,0
20140306 011909100,0.888340,0.888640,0
20140306 011941070,0.888360,0.888660,0
20140306 011945193,0.888380,0.888680,0
20140306 011946227,0.888400,0.888700,0
20140306 011946583,0.888420,0.888720,0
20140306 011948630,0.888400,0.888700,0
20140306 011950007,0.888410,0.888710,0
20140306 011950350,0.888400,0.888700,0
20140306 011953100,0.888390,0.888690,0
20140306 011959977,0.888380,0.888680,0
20140306 012000320,0.888370,0.888670,0
20140306 012008567,0.888360,0.888660,0
20140306 012008913,0.888350,0.888650,0
20140306 012010630,0.888310,0.888610,0
20140306 012010977,0.888290,0.888590,0
20140306 012012007,0.888280,0.888580,0
20140306 012014413,0.888270,0.888570,0
20140306 012017507,0.888310,0.888610,0
20140306 012021630,0.888350,0.888650,0
20140306 012021977,0.888360,0.888660,0
20140306 012022317,0.888370,0.888670,0
20140306 012022677,0.888380,0.888680,0
20140306 012023710,0.888370,0.888670,0
20140306 012025443,0.888400,0.888700,0
20140306 012025787,0.888410,0.888710,0
20140306 012028507,0.888400,0.888700,0
20140306 012028850,0.888410,0.888710,0
20140306 012033333,0.888390,0.888690,0
20140306 012036427,0.888380,0.888680,0
20140306 012038490,0.888370,0.888670,0
20140306 012042270,0.888360,0.888660,0
20140306 012042960,0.888370,0.888670,0
20140306 012045367,0.888350,0.888650,0
20140306 012045710,0.888340,0.888640,0
20140306 012046740,0.888360,0.888660,0
20140306 012049490,0.888380,0.888680,0
20140306 012052927,0.888360,0.888660,0
20140306 012055317,0.888370,0.888670,0
20140306 012055677,0.888360,0.888660,0
20140306 012057053,0.888370,0.888670,0
20140306 012057380,0.888380,0.888680,0
20140306 012059460,0.888400,0.888700,0
20140306 012059803,0.888410,0.888710,0
20140306 012100147,0.888420,0.888720,0
20140306 012103240,0.888430,0.888730,0
20140306 012104960,0.888420,0.888720,0
20140306 012110100,0.888410,0.888710,0
20140306 012115960,0.888430,0.888730,0
20140306 012118367,0.888390,0.888690,0
20140306 012118693,0.888400,0.888700,0
20140306 012119037,0.888390,0.888690,0
20140306 012212317,0.888370,0.888670,0
20140306 012216117,0.888380,0.888680,0
20140306 012228473,0.888370,0.888670,0
20140306 012228817,0.888350,0.888650,0
20140306 012238457,0.888360,0.888660,0
20140306 012322097,0.888370,0.888670,0
20140306 012325897,0.888380,0.888680,0
20140306 012337927,0.888390,0.888690,0
20140306 012340677,0.888380,0.888680,0
20140306 012356490,0.888370,0.888670,0
20140306 012357177,0.888310,0.888610,0
20140306 012357537,0.888280,0.888580,0
20140306 012357863,0.888290,0.888590,0
20140306 012358193,0.888280,0.888580,0
20140306 012358537,0.888290,0.888590,0
20140306 012359583,0.888310,0.888610,0
20140306 012409897,0.888330,0.888630,0
20140306 012410567,0.888320,0.888620,0
20140306 012421583,0.888300,0.888600,0
20140306 012423847,0.888290,0.888590,0
20140306 012423990,0.888280,0.888580,0
20140306 012426753,0.888270,0.888570,0
20140306 012427083,0.888260,0.888560,0
20140306 012428113,0.888270,0.888570,0
20140306 012428457,0.888260,0.888560,0
20140306 012430537,0.888280,0.888580,0
20140306 012433270,0.888270,0.888570,0
20140306 012433613,0.888280,0.888580,0
20140306 012436020,0.888270,0.888570,0
20140306 012441520,0.888280,0.888580,0
20140306 012442550,0.888270,0.888570,0
20140306 012442880,0.888250,0.888550,0
20140306 012450113,0.888260,0.888560,0
20140306 012501097,0.888270,0.888570,0
20140306 012501457,0.888280,0.888580,0
20140306 012506957,0.888290,0.888590,0
20140306 012507300,0.888300,0.888600,0
20140306 012507647,0.888290,0.888590,0
20140306 012509693,0.888300,0.888600,0
20140306 012510723,0.888320,0.888620,0
20140306 012511067,0.888330,0.888630,0
20140306 012513473,0.888360,0.888660,0
20140306 012514160,0.888370,0.888670,0
20140306 012515537,0.888360,0.888660,0
20140306 012521050,0.888350,0.888650,0
20140306 012525520,0.888340,0.888640,0
20140306 012526567,0.888330,0.888630,0
20140306 012526897,0.888310,0.888610,0
20140306 012527253,0.888290,0.888590,0
20140306 012537550,0.888280,0.888580,0
20140306 012551987,0.888290,0.888590,0
20140306 012555770,0.888350,0.888650,0
20140306 012556113,0.888320,0.888620,0
20140306 012557143,0.888340,0.888640,0
20140306 012605067,0.888300,0.888600,0
20140306 012605410,0.888290,0.888590,0
20140306 012613643,0.888280,0.888580,0
20140306 012626003,0.888270,0.888570,0
20140306 012722050,0.888280,0.888580,0
20140306 012727567,0.888240,0.888540,0
20140306 012727910,0.888220,0.888520,0
20140306 012728237,0.888210,0.888510,0
20140306 012733737,0.888180,0.888480,0
20140306 012736143,0.888190,0.888490,0
20140306 012736817,0.888180,0.888480,0
20140306 012810177,0.888190,0.888490,0
20140306 012810503,0.888210,0.888510,0
20140306 012822877,0.888200,0.888500,0
20140306 012858627,0.888180,0.888480,0
20140306 012900347,0.888190,0.888490,0
20140306 012930267,0.888150,0.888450,0
20140306 012933347,0.888180,0.888480,0
20140306 012934377,0.888190,0.888490,0
20140306 012938517,0.888230,0.888530,0
20140306 012938847,0.888240,0.888540,0
20140306 012938940,0.888230,0.888530,0
20140306 012939220,0.888240,0.888540,0
20140306 012939533,0.888270,0.888570,0
20140306 012940220,0.888280,0.888580,0
20140306 012941940,0.888290,0.888590,0
20140306 012942283,0.888300,0.888600,0
20140306 012945033,0.888290,0.888590,0
20140306 012945377,0.888280,0.888580,0
20140306 012947097,0.888290,0.888590,0
20140306 012948817,0.888310,0.888610,0
20140306 012949173,0.888330,0.888630,0
20140306 012949517,0.888320,0.888620,0
20140306 012952957,0.888330,0.888630,0
20140306 012953643,0.888350,0.888650,0
20140306 012953987,0.888320,0.888620,0
20140306 012954330,0.888310,0.888610,0
20140306 012957407,0.888290,0.888590,0
20140306 012958127,0.888280,0.888580,0
20140306 013002220,0.888290,0.888590,0
20140306 013005330,0.888300,0.888600,0
20140306 013010830,0.888290,0.888590,0
20140306 013014970,0.888270,0.888570,0
20140306 013015300,0.888280,0.888580,0
20140306 013020800,0.888270,0.888570,0
20140306 013021143,0.888250,0.888550,0
20140306 013021817,0.888270,0.888570,0
20140306 013022173,0.888250,0.888550,0
20140306 013029720,0.888270,0.888570,0
20140306 013030423,0.888280,0.888580,0
20140306 013033503,0.888270,0.888570,0
20140306 013034207,0.888280,0.888580,0
20140306 013035563,0.888270,0.888570,0
20140306 013039017,0.888280,0.888580,0
20140306 013042110,0.888290,0.888590,0
20140306 013043487,0.888280,0.888580,0
20140306 013049673,0.888290,0.888590,0
20140306 013052423,0.888300,0.888600,0
20140306 013052767,0.888290,0.888590,0
20140306 013057580,0.888280,0.888580,0
20140306 013058253,0.888270,0.888570,0
20140306 013101360,0.888280,0.888580,0
20140306 013115110,0.888270,0.888570,0
20140306 013117847,0.888240,0.888540,0
20140306 013118207,0.888200,0.888500,0
20140306 013118877,0.888190,0.888490,0
20140306 013124050,0.888200,0.888500,0
20140306 013124720,0.888190,0.888490,0
20140306 013126110,0.888200,0.888500,0
20140306 013132297,0.888190,0.888490,0
20140306 013135393,0.888200,0.888500,0
20140306 013137097,0.888190,0.888490,0
20140306 013138830,0.888200,0.888500,0
20140306 013139173,0.888190,0.888490,0
20140306 013141923,0.888200,0.888500,0
20140306 013142597,0.888190,0.888490,0
20140306 013145003,0.888200,0.888500,0
20140306 013147750,0.888190,0.888490,0
20140306 013148097,0.888200,0.888500,0
20140306 013150157,0.888190,0.888490,0
20140306 013150500,0.888200,0.888500,0
20140306 013202190,0.888190,0.888490,0
20140306 013202533,0.888200,0.888500,0
20140306 013215597,0.888190,0.888490,0
20140306 013215940,0.888200,0.888500,0
20140306 013217313,0.888190,0.888490,0
20140306 013217657,0.888200,0.888500,0
20140306 013218000,0.888190,0.888490,0
20140306 013221783,0.888200,0.888500,0
20140306 013222470,0.888190,0.888490,0
20140306 013223157,0.888200,0.888500,0
20140306 013223500,0.888190,0.888490,0
20140306 013225563,0.888200,0.888500,0
20140306 013225907,0.888190,0.888490,0
20140306 013227283,0.888180,0.888480,0
20140306 013235533,0.888190,0.888490,0
20140306 013235877,0.888180,0.888480,0
20140306 013239657,0.888190,0.888490,0
20140306 013240000,0.888180,0.888480,0
20140306 013240690,0.888170,0.888470,0
20140306 013242407,0.888180,0.888480,0
20140306 013244470,0.888170,0.888470,0
20140306 013246877,0.888180,0.888480,0
20140306 013248597,0.888170,0.888470,0
20140306 013306127,0.888190,0.888490,0
20140306 013307500,0.888200,0.888500,0
20140306 013310250,0.888180,0.888480,0
20140306 013310597,0.888190,0.888490,0
20140306 013319533,0.888180,0.888480,0
20140306 013319877,0.888190,0.888490,0
20140306 013320220,0.888180,0.888480,0
20140306 013322970,0.888190,0.888490,0
20140306 013326407,0.888180,0.888480,0
20140306 013329500,0.888190,0.888490,0
20140306 013333640,0.888220,0.888520,0
20140306 013333970,0.888250,0.888550,0
20140306 013334313,0.888240,0.888540,0
20140306 013334657,0.888250,0.888550,0
20140306 013338097,0.888260,0.888560,0
20140306 013338437,0.888280,0.888580,0
20140306 013338830,0.888290,0.888590,0
20140306 013339140,0.888330,0.888630,0
20140306 013340157,0.888310,0.888610,0
20140306 013340500,0.888300,0.888600,0
20140306 013342220,0.888340,0.888640,0
20140306 013342563,0.888350,0.888650,0
20140306 013353563,0.888360,0.888660,0
20140306 013400110,0.888350,0.888650,0
20140306 013400437,0.888330,0.888630,0
20140306 013408687,0.888340,0.888640,0
20140306 013410407,0.888350,0.888650,0
20140306 013421063,0.888340,0.888640,0
20140306 013430360,0.888330,0.888630,0
20140306 013434487,0.888340,0.888640,0
20140306 013435173,0.888330,0.888630,0
20140306 013435517,0.888340,0.888640,0
20140306 013435843,0.888330,0.888630,0
20140306 013437237,0.888340,0.888640,0
20140306 013437580,0.888330,0.888630,0
20140306 013444813,0.888320,0.888620,0
20140306 013445500,0.888290,0.888590,0
20140306 013447547,0.888270,0.888570,0
20140306 013447907,0.888260,0.888560,0
20140306 013448577,0.888270,0.888570,0
20140306 013448923,0.888260,0.888560,0
20140306 013454767,0.888250,0.888550,0
20140306 013455437,0.888240,0.888540,0
20140306 013500267,0.888220,0.888520,0
20140306 013500610,0.888190,0.888490,0
20140306 013500953,0.888200,0.888500,0
20140306 013503360,0.888170,0.888470,0
20140306 013503703,0.888140,0.888440,0
20140306 013519173,0.888150,0.888450,0
20140306 013519877,0.888200,0.888500,0
20140306 013520203,0.888210,0.888510,0
20140306 013522627,0.888230,0.888530,0
20140306 013522953,0.888240,0.888540,0
20140306 013526750,0.888230,0.888530,0
20140306 013527077,0.888220,0.888520,0
20140306 013527407,0.888200,0.888500,0
20140306 013528470,0.888180,0.888480,0
20140306 013529140,0.888190,0.888490,0
20140306 013529483,0.888180,0.888480,0
20140306 013529827,0.888190,0.888490,0
20140306 013532233,0.888180,0.888480,0
20140306 013532563,0.888190,0.888490,0
20140306 013532923,0.888180,0.888480,0
20140306 013534983,0.888190,0.888490,0
20140306 013535327,0.888160,0.888460,0
20140306 013554923,0.888170,0.888470,0
20140306 013604187,0.888180,0.888480,0
20140306 013604547,0.888190,0.888490,0
20140306 013605563,0.888180,0.888480,0
20140306 013606953,0.888190,0.888490,0
20140306 013607297,0.888180,0.888480,0
20140306 013627923,0.888190,0.888490,0
20140306 013633407,0.888180,0.888480,0
20140306 013633767,0.888190,0.888490,0
20140306 013641670,0.888170,0.888470,0
20140306 013642703,0.888180,0.888480,0
20140306 013647517,0.888190,0.888490,0
20140306 013647860,0.888200,0.888500,0
20140306 013712267,0.888190,0.888490,0
20140306 013716047,0.888200,0.888500,0
20140306 013739420,0.888190,0.888490,0
20140306 013740453,0.888200,0.888500,0
20140306 013740797,0.888210,0.888510,0
20140306 013741123,0.888200,0.888500,0
20140306 013742860,0.888220,0.888520,0
20140306 013744577,0.888230,0.888530,0
20140306 013745267,0.888220,0.888520,0
20140306 013745937,0.888230,0.888530,0
20140306 013746297,0.888220,0.888520,0
20140306 013746640,0.888230,0.888530,0
20140306 013746967,0.888220,0.888520,0
20140306 013748017,0.888230,0.888530,0
20140306 013748360,0.888220,0.888520,0
20140306 013754873,0.888160,0.888460,0
20140306 013755217,0.888150,0.888450,0
20140306 013755907,0.888130,0.888430,0
20140306 013756937,0.888120,0.888420,0
20140306 013820310,0.888130,0.888430,0
20140306 013848513,0.888120,0.888420,0
20140306 013848843,0.888070,0.888370,0
20140306 013850217,0.888080,0.888380,0
20140306 013852280,0.888070,0.888370,0
20140306 013854000,0.888080,0.888380,0
20140306 013854343,0.888070,0.888370,0
20140306 013854703,0.888040,0.888340,0
20140306 013855717,0.888030,0.888330,0
20140306 013902593,0.888060,0.888360,0
20140306 013912217,0.888090,0.888390,0
20140306 013916687,0.888100,0.888400,0
20140306 013917047,0.888120,0.888420,0
20140306 013918437,0.888140,0.888440,0
20140306 013918763,0.888170,0.888470,0
20140306 013919107,0.888190,0.888490,0
20140306 013919797,0.888220,0.888520,0
20140306 013920123,0.888230,0.888530,0
20140306 013920467,0.888220,0.888520,0
20140306 013936623,0.888210,0.888510,0
20140306 013939390,0.888200,0.888500,0
20140306 013939717,0.888180,0.888480,0
20140306 013940060,0.888190,0.888490,0
20140306 013940407,0.888200,0.888500,0
20140306 013941780,0.888210,0.888510,0
20140306 014001717,0.888220,0.888520,0
20140306 014003093,0.888240,0.888540,0
20140306 014003437,0.888260,0.888560,0
20140306 014003797,0.888270,0.888570,0
20140306 014005157,0.888260,0.888560,0
20140306 014019593,0.888270,0.888570,0
20140306 014025093,0.888290,0.888590,0
20140306 014025437,0.888280,0.888580,0
20140306 014028530,0.888290,0.888590,0
20140306 014029233,0.888280,0.888580,0
20140306 014029577,0.888290,0.888590,0
20140306 014029903,0.888280,0.888580,0
20140306 014033013,0.888250,0.888550,0
20140306 014036797,0.888240,0.888540,0
20140306 014037140,0.888260,0.888560,0
20140306 014037810,0.888250,0.888550,0
20140306 014051217,0.888270,0.888570,0
20140306 014052937,0.888260,0.888560,0
20140306 014053967,0.888270,0.888570,0
20140306 014055687,0.888280,0.888580,0
20140306 014056030,0.888270,0.888570,0
20140306 014058123,0.888280,0.888580,0
20140306 014058450,0.888300,0.888600,0
20140306 014058797,0.888330,0.888630,0
20140306 014059140,0.888340,0.888640,0
20140306 014111857,0.888330,0.888630,0
20140306 014113920,0.888340,0.888640,0
20140306 014114263,0.888330,0.888630,0
20140306 014119077,0.888310,0.888610,0
20140306 014119403,0.888300,0.888600,0
20140306 014119763,0.888290,0.888590,0
20140306 014120107,0.888270,0.888570,0
20140306 014125950,0.888260,0.888560,0
20140306 014129373,0.888250,0.888550,0
20140306 014136590,0.888240,0.888540,0
20140306 014138997,0.888230,0.888530,0
20140306 014139357,0.888240,0.888540,0
20140306 014139700,0.888230,0.888530,0
20140306 014140373,0.888240,0.888540,0
20140306 014141077,0.888230,0.888530,0
20140306 014141420,0.888220,0.888520,0
20140306 014141747,0.888230,0.888530,0
20140306 014143123,0.888220,0.888520,0
20140306 014146937,0.888230,0.888530,0
20140306 014147263,0.888240,0.888540,0
20140306 014150357,0.888250,0.888550,0
20140306 014153107,0.888260,0.888560,0
20140306 014155530,0.888280,0.888580,0
20140306 014155857,0.888290,0.888590,0
20140306 014156200,0.888310,0.888610,0
20140306 014156543,0.888320,0.888620,0
20140306 014158590,0.888310,0.888610,0
20140306 014200670,0.888300,0.888600,0
20140306 014201687,0.888290,0.888590,0
20140306 014202030,0.888280,0.888580,0
20140306 014224030,0.888290,0.888590,0
20140306 014224373,0.888280,0.888580,0
20140306 014227827,0.888260,0.888560,0
20140306 014228153,0.888270,0.888570,0
20140306 014233310,0.888290,0.888590,0
20140306 014233653,0.888320,0.888620,0
20140306 014235030,0.888310,0.888610,0
20140306 014235373,0.888320,0.888620,0
20140306 014236747,0.888300,0.888600,0
20140306 014243280,0.888310,0.888610,0
20140306 014243623,0.888330,0.888630,0
20140306 014252920,0.888340,0.888640,0
20140306 014254623,0.888330,0.888630,0
20140306 014254967,0.888340,0.888640,0
20140306 014307357,0.888350,0.888650,0
20140306 014307700,0.888360,0.888660,0
20140306 014314247,0.888400,0.888700,0
20140306 014314577,0.888410,0.888710,0
20140306 014319730,0.888370,0.888670,0
20140306 014320077,0.888380,0.888680,0
20140306 014320420,0.888370,0.888670,0
20140306 014320763,0.888380,0.888680,0
20140306 014321107,0.888370,0.888670,0
20140306 014322480,0.888390,0.888690,0
20140306 014325560,0.888400,0.888700,0
20140306 014325920,0.888390,0.888690,0
20140306 014327293,0.888400,0.888700,0
20140306 014329013,0.888390,0.888690,0
20140306 014329717,0.888350,0.888650,0
20140306 014330043,0.888330,0.888630,0
20140306 014332793,0.888340,0.888640,0
20140306 014333137,0.888330,0.888630,0
20140306 014335200,0.888310,0.888610,0
20140306 014335527,0.888300,0.888600,0
20140306 014341373,0.888310,0.888610,0
20140306 014341717,0.888300,0.888600,0
20140306 014352717,0.888290,0.888590,0
20140306 014353403,0.888300,0.888600,0
20140306 014355810,0.888290,0.888590,0
20140306 014357183,0.888300,0.888600,0
20140306 014358903,0.888290,0.888590,0
20140306 014359247,0.888250,0.888550,0
20140306 014359933,0.888240,0.888540,0
20140306 014400967,0.888250,0.888550,0
20140306 014401310,0.888240,0.888540,0
20140306 014404060,0.888250,0.888550,0
20140306 014404403,0.888240,0.888540,0
20140306 014404747,0.888250,0.888550,0
20140306 014408527,0.888240,0.888540,0
20140306 014413683,0.888260,0.888560,0
20140306 014421950,0.888250,0.888550,0
20140306 014424700,0.888260,0.888560,0
20140306 014425043,0.888250,0.888550,0
20140306 014426077,0.888260,0.888560,0
20140306 014426420,0.888250,0.888550,0
20140306 014428480,0.888260,0.888560,0
20140306 014428827,0.888250,0.888550,0
20140306 014429167,0.888240,0.888540,0
20140306 014504230,0.888230,0.888530,0
20140306 014504903,0.888240,0.888540,0
20140306 014514903,0.888230,0.888530,0
20140306 014515573,0.888210,0.888510,0
20140306 014526903,0.888230,0.888530,0
20140306 014527263,0.888240,0.888540,0
20140306 014530700,0.888210,0.888510,0
20140306 014531060,0.888220,0.888520,0
20140306 014531387,0.888240,0.888540,0
20140306 014532763,0.888250,0.888550,0
20140306 014533090,0.888260,0.888560,0
20140306 014535497,0.888270,0.888570,0
20140306 014535857,0.888260,0.888560,0
20140306 014536183,0.888270,0.888570,0
20140306 014542043,0.888240,0.888540,0
20140306 014542387,0.888230,0.888530,0
20140306 014543060,0.888260,0.888560,0
20140306 014543403,0.888220,0.888520,0
20140306 014545137,0.888190,0.888490,0
20140306 014545467,0.888180,0.888480,0
20140306 014545810,0.888190,0.888490,0
20140306 014549247,0.888210,0.888510,0
20140306 014550277,0.888200,0.888500,0
20140306 014550637,0.888210,0.888510,0
20140306 014555793,0.888230,0.888530,0
20140306 014556137,0.888240,0.888540,0
20140306 014559917,0.888250,0.888550,0
20140306 014603027,0.888260,0.888560,0
20140306 014603357,0.888270,0.888570,0
20140306 014608857,0.888260,0.888560,0
20140306 014609200,0.888270,0.888570,0
20140306 014609543,0.888260,0.888560,0
20140306 014611263,0.888270,0.888570,0
20140306 014636357,0.888290,0.888590,0
20140306 014645963,0.888300,0.888600,0
20140306 014646307,0.888310,0.888610,0
20140306 014647027,0.888350,0.888650,0
20140306 014647357,0.888340,0.888640,0
20140306 014649073,0.888350,0.888650,0
20140306 014652510,0.888340,0.888640,0
20140306 014654917,0.888350,0.888650,0
20140306 014655607,0.888340,0.888640,0
20140306 014655950,0.888330,0.888630,0
20140306 014657667,0.888310,0.888610,0
20140306 014704887,0.888300,0.888600,0
20140306 014706620,0.888280,0.888580,0
20140306 014706950,0.888290,0.888590,0
20140306 014710730,0.888300,0.888600,0
20140306 014714497,0.888290,0.888590,0
20140306 014714857,0.888310,0.888610,0
20140306 014715543,0.888300,0.888600,0
20140306 014715887,0.888320,0.888620,0
20140306 014721043,0.888300,0.888600,0
20140306 014721387,0.888310,0.888610,0
20140306 014726887,0.888330,0.888630,0
20140306 014732370,0.888310,0.888610,0
20140306 014736183,0.888330,0.888630,0
20140306 014736510,0.888340,0.888640,0
20140306 014740637,0.888360,0.888660,0
20140306 014740963,0.888350,0.888650,0
20140306 014746137,0.888360,0.888660,0
20140306 014746497,0.888350,0.888650,0
20140306 014748543,0.888370,0.888670,0
20140306 014748887,0.888380,0.888680,0
20140306 014755057,0.888370,0.888670,0
20140306 014756793,0.888380,0.888680,0
20140306 014804697,0.888370,0.888670,0
20140306 014806760,0.888380,0.888680,0
20140306 014807107,0.888370,0.888670,0
20140306 014808823,0.888380,0.888680,0
20140306 014809510,0.888370,0.888670,0
20140306 014809857,0.888380,0.888680,0
20140306 014812947,0.888370,0.888670,0
20140306 014813637,0.888380,0.888680,0
20140306 014829103,0.888400,0.888700,0
20140306 014829447,0.888420,0.888720,0
20140306 014830823,0.888400,0.888700,0
20140306 014831167,0.888390,0.888690,0
20140306 014833900,0.888400,0.888700,0
20140306 014834260,0.888410,0.888710,0
20140306 014848010,0.888400,0.888700,0
20140306 014848353,0.888390,0.888690,0
20140306 014848697,0.888400,0.888700,0
20140306 014850057,0.888420,0.888720,0
20140306 014850417,0.888410,0.888710,0
20140306 014850747,0.888420,0.888720,0
20140306 014912760,0.888430,0.888730,0
20140306 014913090,0.888420,0.888720,0
20140306 014916870,0.888410,0.888710,0
20140306 014918603,0.888420,0.888720,0
20140306 014922713,0.888460,0.888760,0
20140306 014923073,0.888420,0.888720,0
20140306 014930637,0.888410,0.888710,0
20140306 014938183,0.888420,0.888720,0
20140306 014947480,0.888410,0.888710,0
20140306 015000527,0.888400,0.888700,0
20140306 015001557,0.888410,0.888710,0
20140306 015008087,0.888420,0.888720,0
20140306 015011870,0.888460,0.888760,0
20140306 015012213,0.888450,0.888750,0
20140306 015015307,0.888430,0.888730,0
20140306 015018743,0.888420,0.888720,0
20140306 015021150,0.888450,0.888750,0
20140306 015021493,0.888460,0.888760,0
20140306 015022183,0.888450,0.888750,0
20140306 015022527,0.888460,0.888760,0
20140306 015024587,0.888470,0.888770,0
20140306 015026650,0.888460,0.888760,0
20140306 015032510,0.888490,0.888790,0
20140306 015034573,0.888480,0.888780,0
20140306 015034917,0.888490,0.888790,0
20140306 015054493,0.888480,0.888780,0
20140306 015054870,0.888430,0.888730,0
20140306 015055183,0.888420,0.888720,0
20140306 015104823,0.888430,0.888730,0
20140306 015105167,0.888470,0.888770,0
20140306 015105510,0.888460,0.888760,0
20140306 015107573,0.888480,0.888780,0
20140306 015107900,0.888490,0.888790,0
20140306 015109290,0.888470,0.888770,0
20140306 015112040,0.888460,0.888760,0
20140306 015112387,0.888450,0.888750,0
20140306 015114447,0.888470,0.888770,0
20140306 015114790,0.888480,0.888780,0
20140306 015115823,0.888490,0.888790,0
20140306 015116150,0.888480,0.888780,0
20140306 015122353,0.888490,0.888790,0
20140306 015122680,0.888480,0.888780,0
20140306 015123040,0.888450,0.888750,0
20140306 015123400,0.888440,0.888740,0
20140306 015124400,0.888430,0.888730,0
20140306 015128527,0.888450,0.888750,0
20140306 015130947,0.888460,0.888760,0
20140306 015131277,0.888490,0.888790,0
20140306 015131620,0.888480,0.888780,0
20140306 015138510,0.888420,0.888720,0
20140306 015138853,0.888410,0.888710,0
20140306 015139180,0.888420,0.888720,0
20140306 015139527,0.888410,0.888710,0
20140306 015143650,0.888420,0.888720,0
20140306 015156713,0.888410,0.888710,0
20140306 015157400,0.888420,0.888720,0
20140306 015157743,0.888410,0.888710,0
20140306 015158087,0.888420,0.888720,0
20140306 015159463,0.888410,0.888710,0
20140306 015159807,0.888420,0.888720,0
20140306 015201527,0.888440,0.888740,0
20140306 015208073,0.888430,0.888730,0
20140306 015208400,0.888440,0.888740,0
20140306 015211150,0.888460,0.888760,0
20140306 015220430,0.888450,0.888750,0
20140306 015230400,0.888460,0.888760,0
20140306 015232120,0.888450,0.888750,0
20140306 015233150,0.888460,0.888760,0
20140306 015242430,0.888450,0.888750,0
20140306 015253103,0.888430,0.888730,0
20140306 015253430,0.888440,0.888740,0
20140306 015255150,0.888430,0.888730,0
20140306 015255493,0.888440,0.888740,0
20140306 015316133,0.888450,0.888750,0
20140306 015336070,0.888460,0.888760,0
20140306 015342603,0.888450,0.888750,0
20140306 015344667,0.888470,0.888770,0
20140306 015345010,0.888460,0.888760,0
20140306 015345337,0.888470,0.888770,0
20140306 015345680,0.888460,0.888760,0
20140306 015346023,0.888470,0.888770,0
20140306 015346367,0.888460,0.888760,0
20140306 015346727,0.888470,0.888770,0
20140306 015347070,0.888480,0.888780,0
20140306 015406993,0.888470,0.888770,0
20140306 015417667,0.888480,0.888780,0
20140306 015418007,0.888470,0.888770,0
20140306 015418337,0.888460,0.888760,0
20140306 015419713,0.888480,0.888780,0
20140306 015420057,0.888470,0.888770,0
20140306 015427273,0.888480,0.888780,0
20140306 015427633,0.888470,0.888770,0
20140306 015427977,0.888480,0.888780,0
20140306 015428307,0.888470,0.888770,0
20140306 015428667,0.888450,0.888750,0
20140306 015438977,0.888470,0.888770,0
20140306 015439320,0.888460,0.888760,0
20140306 015439667,0.888450,0.888750,0
20140306 015440353,0.888460,0.888760,0
20140306 015441023,0.888420,0.888720,0
20140306 015441727,0.888400,0.888700,0
20140306 015444133,0.888390,0.888690,0
20140306 015502007,0.888370,0.888670,0
20140306 015503383,0.888380,0.888680,0
20140306 015505460,0.888370,0.888670,0
20140306 015505773,0.888360,0.888660,0
20140306 015506477,0.888350,0.888650,0
20140306 015506820,0.888320,0.888620,0
20140306 015509227,0.888310,0.888610,0
20140306 015510930,0.888320,0.888620,0
20140306 015511977,0.888330,0.888630,0
20140306 015512307,0.888320,0.888620,0
20140306 015513007,0.888330,0.888630,0
20140306 015525727,0.888320,0.888620,0
20140306 015531210,0.888330,0.888630,0
20140306 015551493,0.888340,0.888640,0
20140306 015552197,0.888330,0.888630,0
20140306 015601820,0.888320,0.888620,0
20140306 015603540,0.888330,0.888630,0
20140306 015605947,0.888320,0.888620,0
20140306 015611790,0.888330,0.888630,0
20140306 015614540,0.888340,0.888640,0
20140306 015614883,0.888350,0.888650,0
20140306 015617633,0.888360,0.888660,0
20140306 015634117,0.888380,0.888680,0
20140306 015636180,0.888370,0.888670,0
20140306 015640647,0.888360,0.888660,0
20140306 015701633,0.888370,0.888670,0
20140306 015703337,0.888360,0.888660,0
20140306 015717790,0.888370,0.888670,0
20140306 015719507,0.888360,0.888660,0
20140306 015719837,0.888370,0.888670,0
20140306 015721930,0.888360,0.888660,0
20140306 015733587,0.888350,0.888650,0
20140306 015744257,0.888340,0.888640,0
20140306 015744930,0.888350,0.888650,0
20140306 015745287,0.888340,0.888640,0
20140306 015745960,0.888350,0.888650,0
20140306 015747680,0.888340,0.888640,0
20140306 015748037,0.888360,0.888660,0
20140306 015807633,0.888390,0.888690,0
20140306 015822773,0.888410,0.888710,0
20140306 015823117,0.888420,0.888720,0
20140306 015829273,0.888430,0.888730,0
20140306 015832367,0.888440,0.888740,0
20140306 015832710,0.888430,0.888730,0
20140306 015833053,0.888440,0.888740,0
20140306 015835820,0.888420,0.888720,0
20140306 015846460,0.888430,0.888730,0
20140306 015847850,0.888420,0.888720,0
20140306 015902960,0.888410,0.888710,0
20140306 015903337,0.888400,0.888700,0
20140306 015911913,0.888390,0.888690,0
20140306 015912257,0.888380,0.888680,0
20140306 015912600,0.888400,0.888700,0
20140306 015912943,0.888370,0.888670,0
20140306 015913287,0.888380,0.888680,0
20140306 015918100,0.888370,0.888670,0
20140306 015918787,0.888400,0.888700,0
20140306 015920850,0.888390,0.888690,0
20140306 015922240,0.888380,0.888680,0
20140306 015923273,0.888420,0.888720,0
20140306 015928427,0.888410,0.888710,0
20140306 015929117,0.888420,0.888720,0
20140306 015930147,0.888410,0.888710,0
20140306 015943210,0.888400,0.888700,0
20140306 015943880,0.888410,0.888710,0
20140306 015944927,0.888400,0.888700,0
20140306 015945287,0.888360,0.888660,0
20140306 015945617,0.888370,0.888670,0
20140306 015945960,0.888360,0.888660,0
20140306 015946303,0.888340,0.888640,0
20140306 015948350,0.888350,0.888650,0
20140306 015948710,0.888380,0.888680,0
20140306 015949397,0.888360,0.888660,0
20140306 015949740,0.888340,0.888640,0
20140306 015950773,0.888350,0.888650,0
20140306 015951117,0.888340,0.888640,0
20140306 015951460,0.888360,0.888660,0
20140306 015951787,0.888370,0.888670,0
20140306 015957990,0.888380,0.888680,0
20140306 020000053,0.888390,0.888690,0
20140306 020000740,0.888400,0.888700,0
20140306 020001100,0.888420,0.888720,0
20140306 020002460,0.888440,0.888740,0
20140306 020005210,0.888420,0.888720,0
20140306 020005897,0.888430,0.888730,0
20140306 020006240,0.888410,0.888710,0
20140306 020006583,0.888420,0.888720,0
20140306 020007960,0.888410,0.888710,0
20140306 020008287,0.888440,0.888740,0
20140306 020008630,0.888460,0.888760,0
20140306 020008990,0.888450,0.888750,0
20140306 020009677,0.888460,0.888760,0
20140306 020010367,0.888450,0.888750,0
20140306 020010710,0.888440,0.888740,0
20140306 020012773,0.888460,0.888760,0
20140306 020017927,0.888470,0.888770,0
20140306 020018257,0.888450,0.888750,0
20140306 020018617,0.888440,0.888740,0
20140306 020025820,0.888470,0.888770,0
20140306 020026163,0.888450,0.888750,0
20140306 020026523,0.888470,0.888770,0
20140306 020026850,0.888450,0.888750,0
20140306 020030630,0.888460,0.888760,0
20140306 020032350,0.888470,0.888770,0
20140306 020032693,0.888440,0.888740,0
20140306 020033037,0.888430,0.888730,0
20140306 020035443,0.888420,0.888720,0
20140306 020035787,0.888430,0.888730,0
20140306 020036130,0.888420,0.888720,0
20140306 020036477,0.888430,0.888730,0
20140306 020038537,0.888420,0.888720,0
20140306 020043023,0.888430,0.888730,0
20140306 020043693,0.888420,0.888720,0
20140306 020044037,0.888430,0.888730,0
20140306 020044397,0.888440,0.888740,0
20140306 020047130,0.888460,0.888760,0
20140306 020050227,0.888470,0.888770,0
20140306 020050583,0.888460,0.888760,0
20140306 020055727,0.888470,0.888770,0
20140306 020056067,0.888460,0.888760,0
20140306 020058477,0.888470,0.888770,0
20140306 020059553,0.888490,0.888790,0
20140306 020059880,0.888520,0.888820,0
20140306 020100210,0.888530,0.888830,0
20140306 020103303,0.888540,0.888840,0
20140306 020105020,0.888530,0.888830,0
20140306 020109850,0.888510,0.888810,0
20140306 020110193,0.888480,0.888780,0
20140306 020110537,0.888450,0.888750,0
20140306 020110867,0.888460,0.888760,0
20140306 020112227,0.888470,0.888770,0
20140306 020115663,0.888480,0.888780,0
20140306 020118067,0.888470,0.888770,0
20140306 020119787,0.888460,0.888760,0
20140306 020120130,0.888470,0.888770,0
20140306 020123583,0.888450,0.888750,0
20140306 020124270,0.888460,0.888760,0
20140306 020128037,0.888470,0.888770,0
20140306 020129067,0.888460,0.888760,0
20140306 020131490,0.888470,0.888770,0
20140306 020146943,0.888460,0.888760,0
20140306 020153817,0.888470,0.888770,0
20140306 020157257,0.888480,0.888780,0
20140306 020157600,0.888470,0.888770,0
20140306 020200350,0.888480,0.888780,0
20140306 020201053,0.888470,0.888770,0
20140306 020203787,0.888480,0.888780,0
20140306 020204130,0.888470,0.888770,0
20140306 020204817,0.888480,0.888780,0
20140306 020211710,0.888490,0.888790,0
20140306 020214460,0.888500,0.888800,0
20140306 020215147,0.888490,0.888790,0
20140306 020215473,0.888480,0.888780,0
20140306 020219287,0.888490,0.888790,0
20140306 020219617,0.888500,0.888800,0
20140306 020219960,0.888490,0.888790,0
20140306 020220647,0.888500,0.888800,0
20140306 020223740,0.888510,0.888810,0
20140306 020225803,0.888520,0.888820,0
20140306 020236787,0.888510,0.888810,0
20140306 020239553,0.888520,0.888820,0
20140306 020239897,0.888510,0.888810,0
20140306 020240567,0.888520,0.888820,0
20140306 020242647,0.888510,0.888810,0
20140306 020245053,0.888520,0.888820,0
20140306 020245380,0.888510,0.888810,0
20140306 020253303,0.888500,0.888800,0
20140306 020253990,0.888510,0.888810,0
20140306 020257770,0.888500,0.888800,0
20140306 020302583,0.888490,0.888790,0
20140306 020302910,0.888480,0.888780,0
20140306 020303257,0.888450,0.888750,0
20140306 020303600,0.888460,0.888760,0
20140306 020306363,0.888450,0.888750,0
20140306 020315647,0.888470,0.888770,0
20140306 020315973,0.888480,0.888780,0
20140306 020334553,0.888470,0.888770,0
20140306 020334897,0.888460,0.888760,0
20140306 020336613,0.888470,0.888770,0
20140306 020338677,0.888460,0.888760,0
20140306 020339037,0.888470,0.888770,0
20140306 020340053,0.888460,0.888760,0
20140306 020342457,0.888470,0.888770,0
20140306 020347613,0.888460,0.888760,0
20140306 020347943,0.888470,0.888770,0
20140306 020351037,0.888480,0.888780,0
20140306 020358257,0.888470,0.888770,0
20140306 020358943,0.888480,0.888780,0
20140306 020400007,0.888460,0.888760,0
20140306 020400317,0.888470,0.888770,0
20140306 020406160,0.888490,0.888790,0
20140306 020406520,0.888480,0.888780,0
20140306 020408223,0.888490,0.888790,0
20140306 020408567,0.888500,0.888800,0
20140306 020409597,0.888510,0.888810,0
20140306 020426097,0.888520,0.888820,0
20140306 020428847,0.888510,0.888810,0
20140306 020429550,0.888520,0.888820,0
20140306 020429897,0.888510,0.888810,0
20140306 020430223,0.888520,0.888820,0
20140306 020430583,0.888510,0.888810,0
20140306 020430927,0.888500,0.888800,0
20140306 020504957,0.888490,0.888790,0
20140306 020518707,0.888510,0.888810,0
20140306 020519050,0.888530,0.888830,0
20140306 020520427,0.888540,0.888840,0
20140306 020524207,0.888530,0.888830,0
20140306 020529020,0.888520,0.888820,0
20140306 020533147,0.888530,0.888830,0
20140306 020534160,0.888520,0.888820,0
20140306 020534503,0.888530,0.888830,0
20140306 020534847,0.888520,0.888820,0
20140306 020536927,0.888510,0.888810,0
20140306 020537253,0.888520,0.888820,0
20140306 020537613,0.888510,0.888810,0
20140306 020548270,0.888520,0.888820,0
20140306 020605097,0.888510,0.888810,0
20140306 020610613,0.888530,0.888830,0
20140306 020612333,0.888520,0.888820,0
20140306 020613347,0.888530,0.888830,0
20140306 020618160,0.888520,0.888820,0
20140306 020620223,0.888530,0.888830,0
20140306 020620910,0.888520,0.888820,0
20140306 020622973,0.888530,0.888830,0
20140306 020624347,0.888520,0.888820,0
20140306 020626067,0.888530,0.888830,0
20140306 020626753,0.888520,0.888820,0
20140306 020630207,0.888510,0.888810,0
20140306 020632253,0.888490,0.888790,0
20140306 020632597,0.888480,0.888780,0
20140306 020633287,0.888490,0.888790,0
20140306 020635690,0.888480,0.888780,0
20140306 020637753,0.888490,0.888790,0
20140306 020641537,0.888480,0.888780,0
20140306 020641880,0.888470,0.888770,0
20140306 020642237,0.888460,0.888760,0
20140306 020642927,0.888440,0.888740,0
20140306 020643940,0.888470,0.888770,0
20140306 020646347,0.888480,0.888780,0
20140306 020649440,0.888470,0.888770,0
20140306 020650130,0.888480,0.888780,0
20140306 020652880,0.888470,0.888770,0
20140306 020655300,0.888480,0.888780,0
20140306 020702160,0.888470,0.888770,0
20140306 020704237,0.888480,0.888780,0
20140306 020704567,0.888470,0.888770,0
20140306 020706973,0.888480,0.888780,0
20140306 020716253,0.888490,0.888790,0
20140306 020730690,0.888480,0.888780,0
20140306 020732067,0.888500,0.888800,0
20140306 020734817,0.888510,0.888810,0
20140306 020749597,0.888520,0.888820,0
20140306 020749940,0.888510,0.888810,0
20140306 020803050,0.888540,0.888840,0
20140306 020803363,0.888550,0.888850,0
20140306 020803707,0.888560,0.888860,0
20140306 020804033,0.888570,0.888870,0
20140306 020806783,0.888580,0.888880,0
20140306 020808503,0.888590,0.888890,0
20140306 020808830,0.888580,0.888880,0
20140306 020809190,0.888590,0.888890,0
20140306 020809533,0.888580,0.888880,0
20140306 020810910,0.888590,0.888890,0
20140306 020811597,0.888580,0.888880,0
20140306 020812627,0.888590,0.888890,0
20140306 020813317,0.888580,0.888880,0
20140306 020814347,0.888590,0.888890,0
20140306 020814690,0.888580,0.888880,0
20140306 020830847,0.888590,0.888890,0
20140306 020834973,0.888580,0.888880,0
20140306 020835317,0.888590,0.888890,0
20140306 020842190,0.888580,0.888880,0
20140306 020842533,0.888590,0.888890,0
20140306 020843830,0.888560,0.888860,0
20140306 020844253,0.888580,0.888880,0
20140306 020850097,0.888590,0.888890,0
20140306 020850440,0.888580,0.888880,0
20140306 020850783,0.888590,0.888890,0
20140306 020859723,0.888580,0.888880,0
20140306 020900427,0.888590,0.888890,0
20140306 020902143,0.888580,0.888880,0
20140306 020902830,0.888590,0.888890,0
20140306 020903190,0.888580,0.888880,0
20140306 020903533,0.888570,0.888870,0
20140306 020905580,0.888560,0.888860,0
20140306 020905927,0.888570,0.888870,0
20140306 020908347,0.888430,0.888730,0
20140306 020931707,0.888490,0.888790,0
20140306 020932033,0.888520,0.888820,0
20140306 020932393,0.888510,0.888810,0
20140306 020937533,0.888520,0.888820,0
20140306 020937893,0.888500,0.888800,0
20140306 020938567,0.888510,0.888810,0
20140306 020939253,0.888520,0.888820,0
20140306 020939940,0.888530,0.888830,0
20140306 020940300,0.888520,0.888820,0
20140306 020940987,0.888530,0.888830,0
20140306 020941330,0.888520,0.888820,0
20140306 020954737,0.888530,0.888830,0
20140306 020955080,0.888520,0.888820,0
20140306 021000237,0.888530,0.888830,0
20140306 021000567,0.888520,0.888820,0
20140306 021002283,0.888530,0.888830,0
20140306 021002643,0.888520,0.888820,0
20140306 021004707,0.888530,0.888830,0
20140306 021005033,0.888520,0.888820,0
20140306 021007783,0.888530,0.888830,0
20140306 021009173,0.888520,0.888820,0
20140306 021011580,0.888530,0.888830,0
20140306 021012267,0.888520,0.888820,0
20140306 021018113,0.888530,0.888830,0
20140306 021018800,0.888520,0.888820,0
20140306 021020517,0.888530,0.888830,0
20140306 021020847,0.888520,0.888820,0
20140306 021022923,0.888530,0.888830,0
20140306 021023267,0.888520,0.888820,0
20140306 021023613,0.888530,0.888830,0
20140306 021025317,0.888520,0.888820,0
20140306 021026363,0.888530,0.888830,0
20140306 021027393,0.888520,0.888820,0
20140306 021027720,0.888530,0.888830,0
20140306 021028080,0.888520,0.888820,0
20140306 021028423,0.888530,0.888830,0
20140306 021029113,0.888520,0.888820,0
20140306 021029457,0.888530,0.888830,0
20140306 021030487,0.888520,0.888820,0
20140306 021031503,0.888530,0.888830,0
20140306 021033237,0.888520,0.888820,0
20140306 021033580,0.888530,0.888830,0
20140306 021034267,0.888520,0.888820,0
20140306 021034940,0.888530,0.888830,0
20140306 021037347,0.888520,0.888820,0
20140306 021038050,0.888530,0.888830,0
20140306 021038393,0.888520,0.888820,0
20140306 021040113,0.888530,0.888830,0
20140306 021040800,0.888520,0.888820,0
20140306 021042173,0.888530,0.888830,0
20140306 021042863,0.888520,0.888820,0
20140306 021044237,0.888530,0.888830,0
20140306 021044923,0.888520,0.888820,0
20140306 021048707,0.888530,0.888830,0
20140306 021049033,0.888520,0.888820,0
20140306 021049720,0.888530,0.888830,0
20140306 021051110,0.888520,0.888820,0
20140306 021052830,0.888530,0.888830,0
20140306 021053157,0.888520,0.888820,0
20140306 021054207,0.888530,0.888830,0
20140306 021055237,0.888520,0.888820,0
20140306 021057300,0.888530,0.888830,0
20140306 021057643,0.888520,0.888820,0
20140306 021058347,0.888510,0.888810,0
20140306 021100050,0.888520,0.888820,0
20140306 021100377,0.888500,0.888800,0
20140306 021101423,0.888510,0.888810,0
20140306 021104517,0.888520,0.888820,0
20140306 021110017,0.888510,0.888810,0
20140306 021111737,0.888520,0.888820,0
20140306 021115503,0.888510,0.888810,0
20140306 021115860,0.888520,0.888820,0
20140306 021116190,0.888510,0.888810,0
20140306 021117220,0.888520,0.888820,0
20140306 021124813,0.888530,0.888830,0
20140306 021130643,0.888520,0.888820,0
20140306 021132360,0.888510,0.888810,0
20140306 021133377,0.888500,0.888800,0
20140306 021133720,0.888520,0.888820,0
20140306 021134423,0.888510,0.888810,0
20140306 021136487,0.888500,0.888800,0
20140306 021136830,0.888510,0.888810,0
20140306 021138533,0.888500,0.888800,0
20140306 021138830,0.888510,0.888810,0
20140306 021225283,0.888500,0.888800,0
20140306 021226330,0.888510,0.888810,0
20140306 021227017,0.888500,0.888800,0
20140306 021227707,0.888490,0.888790,0
20140306 021231487,0.888500,0.888800,0
20140306 021233533,0.888490,0.888790,0
20140306 021234220,0.888500,0.888800,0
20140306 021242813,0.888490,0.888790,0
20140306 021243500,0.888500,0.888800,0
20140306 021244190,0.888490,0.888790,0
20140306 021244877,0.888500,0.888800,0
20140306 021251063,0.888510,0.888810,0
20140306 021255190,0.888500,0.888800,0
20140306 021307220,0.888490,0.888790,0
20140306 021307563,0.888500,0.888800,0
20140306 021308953,0.888490,0.888790,0
20140306 021321657,0.888510,0.888810,0
20140306 021323720,0.888500,0.888800,0
20140306 021334720,0.888490,0.888790,0
20140306 021335407,0.888500,0.888800,0
20140306 021335750,0.888490,0.888790,0
20140306 021336783,0.888500,0.888800,0
20140306 021337813,0.888490,0.888790,0
20140306 021338157,0.888500,0.888800,0
20140306 021339190,0.888490,0.888790,0
20140306 021343657,0.888500,0.888800,0
20140306 021344033,0.888490,0.888790,0
20140306 021344347,0.888500,0.888800,0
20140306 021347437,0.888490,0.888790,0
20140306 021356393,0.888480,0.888780,0
20140306 021356737,0.888470,0.888770,0
20140306 021357080,0.888480,0.888780,0
20140306 021359487,0.888470,0.888770,0
20140306 021359813,0.888450,0.888750,0
20140306 021400173,0.888440,0.888740,0
20140306 021400860,0.888430,0.888730,0
20140306 021401563,0.888420,0.888720,0
20140306 021423890,0.888430,0.888730,0
20140306 021424237,0.888460,0.888760,0
20140306 021424580,0.888470,0.888770,0
20140306 021425267,0.888460,0.888760,0
20140306 021428017,0.888470,0.888770,0
20140306 021428703,0.888460,0.888760,0
20140306 021429390,0.888470,0.888770,0
20140306 021429750,0.888460,0.888760,0
20140306 021431453,0.888480,0.888780,0
20140306 021431813,0.888490,0.888790,0
20140306 021432140,0.888500,0.888800,0
20140306 021432500,0.888520,0.888820,0
20140306 021436610,0.888510,0.888810,0
20140306 021436953,0.888500,0.888800,0
20140306 021437297,0.888510,0.888810,0
20140306 021440737,0.888500,0.888800,0
20140306 021442453,0.888480,0.888780,0
20140306 021500330,0.888450,0.888750,0
20140306 021500657,0.888470,0.888770,0
20140306 021501360,0.888460,0.888760,0
20140306 021502047,0.888480,0.888780,0
20140306 021505843,0.888490,0.888790,0
20140306 021511657,0.888480,0.888780,0
20140306 021515797,0.888490,0.888790,0
20140306 021517860,0.888480,0.888780,0
20140306 021518203,0.888490,0.888790,0
20140306 021519237,0.888470,0.888770,0
20140306 021519580,0.888460,0.888760,0
20140306 021520267,0.888470,0.888770,0
20140306 021520937,0.888460,0.888760,0
20140306 021521283,0.888470,0.888770,0
20140306 021521627,0.888460,0.888760,0
20140306 021534687,0.888450,0.888750,0
20140306 021536767,0.888460,0.888760,0
20140306 021538487,0.888450,0.888750,0
20140306 021539517,0.888460,0.888760,0
20140306 021539860,0.888450,0.888750,0
20140306 021540203,0.888460,0.888760,0
20140306 021542267,0.888450,0.888750,0
20140306 021542627,0.888460,0.888760,0
20140306 021542953,0.888450,0.888750,0
20140306 021544313,0.888460,0.888760,0
20140306 021544657,0.888450,0.888750,0
20140306 021553953,0.888460,0.888760,0
20140306 021558063,0.888470,0.888770,0
20140306 021558423,0.888460,0.888760,0
20140306 021600127,0.888470,0.888770,0
20140306 021600813,0.888480,0.888780,0
20140306 021602187,0.888470,0.888770,0
20140306 021602530,0.888480,0.888780,0
20140306 021616640,0.888470,0.888770,0
20140306 021616983,0.888480,0.888780,0
20140306 021617327,0.888500,0.888800,0
20140306 021619390,0.888490,0.888790,0
20140306 021625233,0.888480,0.888780,0
20140306 021626953,0.888470,0.888770,0
20140306 021627297,0.888480,0.888780,0
20140306 021628657,0.888470,0.888770,0
20140306 021629017,0.888480,0.888780,0
20140306 021629360,0.888490,0.888790,0
20140306 021642063,0.888480,0.888780,0
20140306 021642423,0.888490,0.888790,0
20140306 021644140,0.888480,0.888780,0
20140306 021645173,0.888490,0.888790,0
20140306 021645530,0.888480,0.888780,0
20140306 021645860,0.888490,0.888790,0
20140306 021646187,0.888480,0.888780,0
20140306 021646547,0.888490,0.888790,0
20140306 021654110,0.888510,0.888810,0
20140306 021655140,0.888500,0.888800,0
20140306 021702343,0.888510,0.888810,0
20140306 021702703,0.888520,0.888820,0
20140306 021705467,0.888530,0.888830,0
20140306 021707500,0.888540,0.888840,0
20140306 021709577,0.888530,0.888830,0
20140306 021709923,0.888540,0.888840,0
20140306 021722983,0.888530,0.888830,0
20140306 021723327,0.888540,0.888840,0
20140306 021732267,0.888530,0.888830,0
20140306 021732610,0.888540,0.888840,0
20140306 021734327,0.888530,0.888830,0
20140306 021735017,0.888540,0.888840,0
20140306 021737077,0.888530,0.888830,0
20140306 021738110,0.888540,0.888840,0
20140306 021758717,0.888530,0.888830,0
20140306 021759077,0.888520,0.888820,0
20140306 021800813,0.888510,0.888810,0
20140306 021801123,0.888500,0.888800,0
20140306 021827953,0.888480,0.888780,0
20140306 021832077,0.888490,0.888790,0
20140306 021832767,0.888480,0.888780,0
20140306 021837920,0.888490,0.888790,0
20140306 021838267,0.888480,0.888780,0
20140306 021838937,0.888490,0.888790,0
20140306 021852703,0.888480,0.888780,0
20140306 021853047,0.888440,0.888740,0
20140306 021853390,0.888410,0.888710,0
20140306 021853717,0.888420,0.888720,0
20140306 021854767,0.888410,0.888710,0
20140306 021855107,0.888420,0.888720,0
20140306 021855453,0.888410,0.888710,0
20140306 021855780,0.888420,0.888720,0
20140306 021914357,0.888410,0.888710,0
20140306 021915717,0.888420,0.888720,0
20140306 021916093,0.888410,0.888710,0
20140306 021921920,0.888400,0.888700,0
20140306 021922263,0.888410,0.888710,0
20140306 021931547,0.888420,0.888720,0
20140306 021933607,0.888410,0.888710,0
20140306 021941857,0.888420,0.888720,0
20140306 021944607,0.888410,0.888710,0
20140306 021949420,0.888420,0.888720,0
20140306 021952513,0.888400,0.888700,0
20140306 021952857,0.888340,0.888640,0
20140306 022008343,0.888350,0.888650,0
20140306 022008670,0.888360,0.888660,0
20140306 022009357,0.888350,0.888650,0
20140306 022010030,0.888360,0.888660,0
20140306 022011420,0.888350,0.888650,0
20140306 022011780,0.888340,0.888640,0
20140306 022015890,0.888330,0.888630,0
20140306 022018310,0.888340,0.888640,0
20140306 022018640,0.888330,0.888630,0
20140306 022019327,0.888350,0.888650,0
20140306 022019657,0.888340,0.888640,0
20140306 022020717,0.888350,0.888650,0
20140306 022023453,0.888340,0.888640,0
20140306 022023827,0.888350,0.888650,0
20140306 022028280,0.888360,0.888660,0
20140306 022032047,0.888350,0.888650,0
20140306 022034797,0.888410,0.888710,0
20140306 022035483,0.888430,0.888730,0
20140306 022039280,0.888420,0.888720,0
20140306 022039607,0.888390,0.888690,0
20140306 022039967,0.888370,0.888670,0
20140306 022040297,0.888380,0.888680,0
20140306 022042013,0.888370,0.888670,0
20140306 022043373,0.888350,0.888650,0
20140306 022046843,0.888340,0.888640,0
20140306 022048907,0.888360,0.888660,0
20140306 022052327,0.888370,0.888670,0
20140306 022054733,0.888360,0.888660,0
20140306 022056450,0.888340,0.888640,0
20140306 022056797,0.888330,0.888630,0
20140306 022101280,0.888320,0.888620,0
20140306 022101607,0.888330,0.888630,0
20140306 022104717,0.888320,0.888620,0
20140306 022105060,0.888310,0.888610,0
20140306 022105373,0.888280,0.888580,0
20140306 022105733,0.888260,0.888560,0
20140306 022106763,0.888270,0.888570,0
20140306 022107450,0.888260,0.888560,0
20140306 022109857,0.888240,0.888540,0
20140306 022110560,0.888250,0.888550,0
20140306 022110890,0.888260,0.888560,0
20140306 022111233,0.888270,0.888570,0
20140306 022116733,0.888240,0.888540,0
20140306 022117077,0.888270,0.888570,0
20140306 022117420,0.888280,0.888580,0
20140306 022126357,0.888260,0.888560,0
20140306 022126700,0.888270,0.888570,0
20140306 022128077,0.888260,0.888560,0
20140306 022128403,0.888250,0.888550,0
20140306 022133827,0.888260,0.888560,0
20140306 022133903,0.888250,0.888550,0
20140306 022134263,0.888260,0.888560,0
20140306 022134607,0.888250,0.888550,0
20140306 022135297,0.888260,0.888560,0
20140306 022135640,0.888240,0.888540,0
20140306 022136343,0.888230,0.888530,0
20140306 022136670,0.888200,0.888500,0
20140306 022137013,0.888180,0.888480,0
20140306 022137357,0.888190,0.888490,0
20140306 022139437,0.888180,0.888480,0
20140306 022150077,0.888170,0.888470,0
20140306 022150420,0.888180,0.888480,0
20140306 022151107,0.888170,0.888470,0
20140306 022152153,0.888190,0.888490,0
20140306 022152483,0.888180,0.888480,0
20140306 022156263,0.888190,0.888490,0
20140306 022209327,0.888180,0.888480,0
20140306 022210700,0.888190,0.888490,0
20140306 022214810,0.888200,0.888500,0
20140306 022215857,0.888210,0.888510,0
20140306 022218607,0.888220,0.888520,0
20140306 022218950,0.888210,0.888510,0
20140306 022219967,0.888200,0.888500,0
20140306 022221013,0.888210,0.888510,0
20140306 022223437,0.888180,0.888480,0
20140306 022224107,0.888190,0.888490,0
20140306 022224797,0.888180,0.888480,0
20140306 022240590,0.888190,0.888490,0
20140306 022240937,0.888180,0.888480,0
20140306 022241983,0.888170,0.888470,0
20140306 022250920,0.888200,0.888500,0
20140306 022254373,0.888230,0.888530,0
20140306 022254687,0.888220,0.888520,0
20140306 022255060,0.888230,0.888530,0
20140306 022255717,0.888220,0.888520,0
20140306 022256060,0.888230,0.888530,0
20140306 022257107,0.888220,0.888520,0
20140306 022257450,0.888240,0.888540,0
20140306 022258483,0.888230,0.888530,0
20140306 022300217,0.888240,0.888540,0
20140306 022301920,0.888230,0.888530,0
20140306 022302967,0.888250,0.888550,0
20140306 022303280,0.888240,0.888540,0
20140306 022304327,0.888250,0.888550,0
20140306 022306717,0.888270,0.888570,0
20140306 022307077,0.888260,0.888560,0
20140306 022311543,0.888250,0.888550,0
20140306 022312233,0.888260,0.888560,0
20140306 022324623,0.888240,0.888540,0
20140306 022324950,0.888250,0.888550,0
20140306 022331137,0.888240,0.888540,0
20140306 022333187,0.888230,0.888530,0
20140306 022335607,0.888220,0.888520,0
20140306 022335950,0.888180,0.888480,0
20140306 022336277,0.888170,0.888470,0
20140306 022337653,0.888180,0.888480,0
20140306 022340077,0.888170,0.888470,0
20140306 022341793,0.888180,0.888480,0
20140306 022342137,0.888170,0.888470,0
20140306 022349717,0.888160,0.888460,0
20140306 022351077,0.888170,0.888470,0
20140306 022352123,0.888160,0.888460,0
20140306 022352467,0.888150,0.888450,0
20140306 022352793,0.888110,0.888410,0
20140306 022355217,0.888090,0.888390,0
20140306 022355560,0.888100,0.888400,0
20140306 022355873,0.888090,0.888390,0
20140306 022356230,0.888080,0.888380,0
20140306 022357623,0.888070,0.888370,0
20140306 022357967,0.888060,0.888360,0
20140306 022358293,0.888050,0.888350,0
20140306 022358653,0.888040,0.888340,0
20140306 022358997,0.888020,0.888320,0
20140306 022359340,0.888030,0.888330,0
20140306 022359670,0.888020,0.888320,0
20140306 022400357,0.888010,0.888310,0
20140306 022400700,0.888030,0.888330,0
20140306 022401060,0.888080,0.888380,0
20140306 022401387,0.888100,0.888400,0
20140306 022401730,0.888130,0.888430,0
20140306 022402090,0.888150,0.888450,0
20140306 022402403,0.888170,0.888470,0
20140306 022402777,0.888180,0.888480,0
20140306 022403450,0.888190,0.888490,0
20140306 022403793,0.888180,0.888480,0
20140306 022406543,0.888190,0.888490,0
20140306 022407577,0.888210,0.888510,0
20140306 022408967,0.888190,0.888490,0
20140306 022410327,0.888180,0.888480,0
20140306 022410670,0.888170,0.888470,0
20140306 022413433,0.888140,0.888440,0
20140306 022414793,0.888100,0.888400,0
20140306 022415153,0.888090,0.888390,0
20140306 022415827,0.888100,0.888400,0
20140306 022418247,0.888130,0.888430,0
20140306 022418920,0.888140,0.888440,0
20140306 022421340,0.888150,0.888450,0
20140306 022421670,0.888160,0.888460,0
20140306 022422013,0.888130,0.888430,0
20140306 022422700,0.888120,0.888420,0
20140306 022423043,0.888100,0.888400,0
20140306 022424077,0.888090,0.888390,0
20140306 022425107,0.888100,0.888400,0
20140306 022425793,0.888120,0.888420,0
20140306 022426137,0.888110,0.888410,0
20140306 022428200,0.888120,0.888420,0
20140306 022428527,0.888130,0.888430,0
20140306 022429230,0.888140,0.888440,0
20140306 022429577,0.888110,0.888410,0
20140306 022430263,0.888120,0.888420,0
20140306 022430607,0.888130,0.888430,0
20140306 022433013,0.888120,0.888420,0
20140306 022435077,0.888130,0.888430,0
20140306 022435420,0.888120,0.888420,0
20140306 022435763,0.888130,0.888430,0
20140306 022438873,0.888140,0.888440,0
20140306 022439217,0.888170,0.888470,0
20140306 022444717,0.888190,0.888490,0
20140306 022445043,0.888180,0.888480,0
20140306 022449840,0.888170,0.888470,0
20140306 022450183,0.888180,0.888480,0
20140306 022450527,0.888170,0.888470,0
20140306 022503590,0.888180,0.888480,0
20140306 022504637,0.888170,0.888470,0
20140306 022504980,0.888180,0.888480,0
20140306 022505340,0.888190,0.888490,0
20140306 022508077,0.888180,0.888480,0
20140306 022528013,0.888170,0.888470,0
20140306 022550013,0.888160,0.888460,0
20140306 022553793,0.888130,0.888430,0
20140306 022554153,0.888090,0.888390,0
20140306 022554497,0.888080,0.888380,0
20140306 022555857,0.888070,0.888370,0
20140306 022604450,0.888060,0.888360,0
20140306 022610620,0.888070,0.888370,0
20140306 022620620,0.888050,0.888350,0
20140306 022620967,0.888020,0.888320,0
20140306 022622323,0.888010,0.888310,0
20140306 022625090,0.888020,0.888320,0
20140306 022625433,0.888070,0.888370,0
20140306 022630230,0.888060,0.888360,0
20140306 022630573,0.888020,0.888320,0
20140306 022632293,0.888010,0.888310,0
20140306 022634370,0.887990,0.888290,0
20140306 022634700,0.887980,0.888280,0
20140306 022635403,0.887970,0.888270,0
20140306 022636417,0.887940,0.888240,0
20140306 022636763,0.887930,0.888230,0
20140306 022637090,0.887950,0.888250,0
20140306 022637450,0.887930,0.888230,0
20140306 022638467,0.887940,0.888240,0
20140306 022648823,0.887950,0.888250,0
20140306 022657027,0.887960,0.888260,0
20140306 022657387,0.887950,0.888250,0
20140306 022659120,0.887990,0.888290,0
20140306 022659467,0.888030,0.888330,0
20140306 022707700,0.888050,0.888350,0
20140306 022711480,0.888060,0.888360,0
20140306 022727980,0.888050,0.888350,0
20140306 022742073,0.888060,0.888360,0
20140306 022758557,0.888070,0.888370,0
20140306 022758823,0.888060,0.888360,0
20140306 022821933,0.888050,0.888350,0
20140306 022836057,0.888040,0.888340,0
20140306 022837760,0.888060,0.888360,0
20140306 022850480,0.888100,0.888400,0
20140306 022900463,0.888120,0.888420,0
20140306 022900807,0.888140,0.888440,0
20140306 022901137,0.888150,0.888450,0
20140306 022903887,0.888160,0.888460,0
20140306 022905603,0.888150,0.888450,0
20140306 022908010,0.888120,0.888420,0
20140306 022908353,0.888140,0.888440,0
20140306 022914557,0.888160,0.888460,0
20140306 022916963,0.888190,0.888490,0
20140306 022917293,0.888180,0.888480,0
20140306 022921090,0.888190,0.888490,0
20140306 022923137,0.888210,0.888510,0
20140306 022923840,0.888200,0.888500,0
20140306 022924167,0.888190,0.888490,0
20140306 022924510,0.888200,0.888500,0
20140306 022925213,0.888180,0.888480,0
20140306 022925543,0.888160,0.888460,0
20140306 022928980,0.888170,0.888470,0
20140306 022932417,0.888160,0.888460,0
20140306 022932760,0.888170,0.888470,0
20140306 022933090,0.888190,0.888490,0
20140306 022933807,0.888210,0.888510,0
20140306 022935527,0.888190,0.888490,0
20140306 022935840,0.888200,0.888500,0
20140306 022936900,0.888190,0.888490,0
20140306 022937213,0.888200,0.888500,0
20140306 022943760,0.888210,0.888510,0
20140306 022945823,0.888200,0.888500,0
20140306 022947197,0.888210,0.888510,0
20140306 022953387,0.888220,0.888520,0
20140306 022953747,0.888240,0.888540,0
20140306 022954073,0.888260,0.888560,0
20140306 022954417,0.888270,0.888570,0
20140306 023019510,0.888260,0.888560,0
20140306 023019837,0.888270,0.888570,0
20140306 023020557,0.888230,0.888530,0
20140306 023023307,0.888190,0.888490,0
20140306 023024323,0.888180,0.888480,0
20140306 023024683,0.888170,0.888470,0
20140306 023025010,0.888180,0.888480,0
20140306 023025337,0.888170,0.888470,0
20140306 023104197,0.888160,0.888460,0
20140306 023124823,0.888150,0.888450,0
20140306 023125150,0.888160,0.888460,0
20140306 023144760,0.888170,0.888470,0
20140306 023145103,0.888160,0.888460,0
20140306 023148887,0.888170,0.888470,0
20140306 023149573,0.888160,0.888460,0
20140306 023157137,0.888170,0.888470,0
20140306 023157477,0.888160,0.888460,0
20140306 023200227,0.888170,0.888470,0
20140306 023201947,0.888160,0.888460,0
20140306 023203823,0.888170,0.888470,0
20140306 023204697,0.888180,0.888480,0
20140306 023208823,0.888170,0.888470,0
20140306 023210557,0.888180,0.888480,0
20140306 023218103,0.888170,0.888470,0
20140306 023225323,0.888180,0.888480,0
20140306 023230133,0.888170,0.888470,0
20140306 023231853,0.888180,0.888480,0
20140306 023233227,0.888160,0.888460,0
20140306 023233573,0.888170,0.888470,0
20140306 023237370,0.888180,0.888480,0
20140306 023237697,0.888170,0.888470,0
20140306 023239417,0.888180,0.888480,0
20140306 023240087,0.888170,0.888470,0
20140306 023256947,0.888180,0.888480,0
20140306 023257277,0.888160,0.888460,0
20140306 023259353,0.888170,0.888470,0
20140306 023301057,0.888160,0.888460,0
20140306 023301760,0.888170,0.888470,0
20140306 023302447,0.888160,0.888460,0
20140306 023303823,0.888170,0.888470,0
20140306 023306900,0.888160,0.888460,0
20140306 023310027,0.888170,0.888470,0
20140306 023310353,0.888180,0.888480,0
20140306 023310697,0.888190,0.888490,0
20140306 023318260,0.888180,0.888480,0
20140306 023318603,0.888170,0.888470,0
20140306 023335790,0.888180,0.888480,0
20140306 023338180,0.888170,0.888470,0
20140306 023338540,0.888180,0.888480,0
20140306 023339917,0.888170,0.888470,0
20140306 023340617,0.888180,0.888480,0
20140306 023340930,0.888170,0.888470,0
20140306 023341277,0.888180,0.888480,0
20140306 023341963,0.888190,0.888490,0
20140306 023344040,0.888180,0.888480,0
20140306 023345430,0.888170,0.888470,0
20140306 023346117,0.888160,0.888460,0
20140306 023346447,0.888150,0.888450,0
20140306 023346790,0.888130,0.888430,0
20140306 023347133,0.888120,0.888420,0
20140306 023349527,0.888110,0.888410,0
20140306 023351243,0.888120,0.888420,0
20140306 023352617,0.888110,0.888410,0
20140306 023355027,0.888120,0.888420,0
20140306 023400197,0.888130,0.888430,0
20140306 023401557,0.888120,0.888420,0
20140306 023401900,0.888130,0.888430,0
20140306 023404320,0.888120,0.888420,0
20140306 023405353,0.888130,0.888430,0
20140306 023405697,0.888120,0.888420,0
20140306 023406727,0.888130,0.888430,0
20140306 023407070,0.888120,0.888420,0
20140306 023408790,0.888130,0.888430,0
20140306 023409133,0.888120,0.888420,0
20140306 023409477,0.888130,0.888430,0
20140306 023409807,0.888120,0.888420,0
20140306 023410167,0.888110,0.888410,0
20140306 023410510,0.888120,0.888420,0
20140306 023411213,0.888130,0.888430,0
20140306 023412227,0.888120,0.888420,0
20140306 023413603,0.888130,0.888430,0
20140306 023413947,0.888120,0.888420,0
20140306 023414993,0.888130,0.888430,0
20140306 023415320,0.888120,0.888420,0
20140306 023417040,0.888130,0.888430,0
20140306 023419103,0.888120,0.888420,0
20140306 023423213,0.888130,0.888430,0
20140306 023432493,0.888140,0.888440,0
20140306 023433540,0.888130,0.888430,0
20140306 023441430,0.888120,0.888420,0
20140306 023441773,0.888100,0.888400,0
20140306 023443493,0.888090,0.888390,0
20140306 023446243,0.888070,0.888370,0
20140306 023446603,0.888040,0.888340,0
20140306 023446947,0.888010,0.888310,0
20140306 023451760,0.887970,0.888270,0
20140306 023452117,0.887960,0.888260,0
20140306 023452773,0.887950,0.888250,0
20140306 023453133,0.887940,0.888240,0
20140306 023454510,0.887950,0.888250,0
20140306 023454837,0.887940,0.888240,0
20140306 023455180,0.887950,0.888250,0
20140306 023455867,0.887940,0.888240,0
20140306 023456227,0.887930,0.888230,0
20140306 023502400,0.887940,0.888240,0
20140306 023503430,0.887950,0.888250,0
20140306 023505837,0.887960,0.888260,0
20140306 023507213,0.887950,0.888250,0
20140306 023507570,0.887930,0.888230,0
20140306 023507900,0.887950,0.888250,0
20140306 023509617,0.887940,0.888240,0
20140306 023511680,0.887950,0.888250,0
20140306 023512023,0.887940,0.888240,0
20140306 023516853,0.887930,0.888230,0
20140306 023517883,0.887920,0.888220,0
20140306 023518557,0.887930,0.888230,0
20140306 023522337,0.887940,0.888240,0
20140306 023522680,0.887930,0.888230,0
20140306 023523710,0.887940,0.888240,0
20140306 023524743,0.887930,0.888230,0
20140306 023526117,0.887880,0.888180,0
20140306 023529557,0.887920,0.888220,0
20140306 023530257,0.887950,0.888250,0
20140306 023537133,0.887960,0.888260,0
20140306 023537460,0.887970,0.888270,0
20140306 023538150,0.887980,0.888280,0
20140306 023545023,0.887970,0.888270,0
20140306 023545367,0.887950,0.888250,0
20140306 023546400,0.887940,0.888240,0
20140306 023611150,0.887930,0.888230,0
20140306 023612197,0.887880,0.888180,0
20140306 023612557,0.887870,0.888170,0
20140306 023613210,0.887880,0.888180,0
20140306 023613570,0.887870,0.888170,0
20140306 023613900,0.887860,0.888160,0
20140306 023614930,0.887870,0.888170,0
20140306 023615273,0.887860,0.888160,0
20140306 023618023,0.887890,0.888190,0
20140306 023618367,0.887880,0.888180,0
20140306 023618710,0.887870,0.888170,0
20140306 023619743,0.887860,0.888160,0
20140306 023621807,0.887870,0.888170,0
20140306 023622163,0.887890,0.888190,0
20140306 023622493,0.887870,0.888170,0
20140306 023632820,0.887900,0.888200,0
20140306 023633493,0.887910,0.888210,0
20140306 023644837,0.887900,0.888200,0
20140306 023645523,0.887890,0.888190,0
20140306 023645867,0.887880,0.888180,0
20140306 023649993,0.887870,0.888170,0
20140306 023651710,0.887880,0.888180,0
20140306 023652057,0.887900,0.888200,0
20140306 023652397,0.887890,0.888190,0
20140306 023654117,0.887900,0.888200,0
20140306 023657930,0.887910,0.888210,0
20140306 023658243,0.887920,0.888220,0
20140306 023658930,0.887930,0.888230,0
20140306 023703743,0.887950,0.888250,0
20140306 023704087,0.887940,0.888240,0
20140306 023712337,0.887920,0.888220,0
20140306 023713023,0.887910,0.888210,0
20140306 023721960,0.887920,0.888220,0
20140306 023728147,0.887910,0.888210,0
20140306 023732273,0.887900,0.888200,0
20140306 023732617,0.887890,0.888190,0
20140306 023732960,0.887880,0.888180,0
20140306 023733303,0.887870,0.888170,0
20140306 023734337,0.887860,0.888160,0
20140306 023740883,0.887830,0.888130,0
20140306 023742930,0.887820,0.888120,0
20140306 023747053,0.887830,0.888130,0
20140306 023750837,0.887820,0.888120,0
20140306 023802180,0.887830,0.888130,0
20140306 023803553,0.887820,0.888120,0
20140306 023804243,0.887830,0.888130,0
20140306 023806647,0.887810,0.888110,0
20140306 023810447,0.887800,0.888100,0
20140306 023810787,0.887750,0.888050,0
20140306 023812493,0.887740,0.888040,0
20140306 023820053,0.887750,0.888050,0
20140306 023820397,0.887780,0.888080,0
20140306 023822477,0.887770,0.888070,0
20140306 023822820,0.887720,0.888020,0
20140306 023823147,0.887730,0.888030,0
20140306 023825553,0.887740,0.888040,0
20140306 023826273,0.887750,0.888050,0
20140306 023826600,0.887780,0.888080,0
20140306 023826947,0.887790,0.888090,0
20140306 023830397,0.887800,0.888100,0
20140306 023830710,0.887810,0.888110,0
20140306 023831397,0.887820,0.888120,0
20140306 023832087,0.887840,0.888140,0
20140306 023834163,0.887820,0.888120,0
20140306 023835523,0.887810,0.888110,0
20140306 023853413,0.887800,0.888100,0
20140306 023853757,0.887790,0.888090,0
20140306 023854430,0.887780,0.888080,0
20140306 023855820,0.887790,0.888090,0
20140306 023857897,0.887820,0.888120,0
20140306 023858227,0.887850,0.888150,0
20140306 023859587,0.887840,0.888140,0
20140306 023859930,0.887850,0.888150,0
20140306 023900977,0.887840,0.888140,0
20140306 023901337,0.887850,0.888150,0
20140306 023903383,0.887840,0.888140,0
20140306 023903710,0.887850,0.888150,0
20140306 023903850,0.887840,0.888140,0
20140306 023905100,0.887830,0.888130,0
20140306 023906133,0.887820,0.888120,0
20140306 023908193,0.887830,0.888130,0
20140306 023924007,0.887840,0.888140,0
20140306 023924693,0.887830,0.888130,0
20140306 023925037,0.887810,0.888110,0
20140306 023925367,0.887800,0.888100,0
20140306 023925740,0.887790,0.888090,0
20140306 023926053,0.887770,0.888070,0
20140306 023927787,0.887780,0.888080,0
20140306 023928820,0.887790,0.888090,0
20140306 023929163,0.887780,0.888080,0
20140306 023932240,0.887760,0.888060,0
20140306 023933287,0.887770,0.888070,0
20140306 023933960,0.887760,0.888060,0
20140306 023934320,0.887770,0.888070,0
20140306 023935007,0.887790,0.888090,0
20140306 023935350,0.887780,0.888080,0
20140306 023940490,0.887770,0.888070,0
20140306 023940837,0.887780,0.888080,0
20140306 024006647,0.887760,0.888060,0
20140306 024006990,0.887740,0.888040,0
20140306 024007337,0.887730,0.888030,0
20140306 024008007,0.887740,0.888040,0
20140306 024009037,0.887730,0.888030,0
20140306 024009380,0.887740,0.888040,0
20140306 024009727,0.887710,0.888010,0
20140306 024010087,0.887690,0.887990,0
20140306 024019350,0.887700,0.888000,0
20140306 024020380,0.887710,0.888010,0
20140306 024033100,0.887720,0.888020,0
20140306 024038600,0.887710,0.888010,0
20140306 024039287,0.887720,0.888020,0
20140306 024039977,0.887740,0.888040,0
20140306 024041693,0.887760,0.888060,0
20140306 024042053,0.887790,0.888090,0
20140306 024043413,0.887780,0.888080,0
20140306 024044443,0.887760,0.888060,0
20140306 024045130,0.887750,0.888050,0
20140306 024045833,0.887720,0.888020,0
20140306 024046163,0.887730,0.888030,0
20140306 024047193,0.887720,0.888020,0
20140306 024047523,0.887730,0.888030,0
20140306 024050303,0.887720,0.888020,0
20140306 024050630,0.887710,0.888010,0
20140306 024051647,0.887700,0.888000,0
20140306 024053037,0.887690,0.887990,0
20140306 024055803,0.887670,0.887970,0
20140306 024056117,0.887660,0.887960,0
20140306 024056460,0.887630,0.887930,0
20140306 024058177,0.887640,0.887940,0
20140306 024059897,0.887630,0.887930,0
20140306 024100240,0.887640,0.887940,0
20140306 024100583,0.887630,0.887930,0
20140306 024103023,0.887710,0.888010,0
20140306 024103333,0.887680,0.887980,0
20140306 024104053,0.887660,0.887960,0
20140306 024104380,0.887640,0.887940,0
20140306 024106787,0.887630,0.887930,0
20140306 024108507,0.887640,0.887940,0
20140306 024111240,0.887650,0.887950,0
20140306 024116413,0.887660,0.887960,0
20140306 024117100,0.887670,0.887970,0
20140306 024119163,0.887660,0.887960,0
20140306 024119850,0.887690,0.887990,0
20140306 024120523,0.887700,0.888000,0
20140306 024121227,0.887710,0.888010,0
20140306 024123820,0.887700,0.888000,0
20140306 024123977,0.887710,0.888010,0
20140306 024126037,0.887720,0.888020,0
20140306 024127413,0.887710,0.888010,0
20140306 024155600,0.887720,0.888020,0
20140306 024158350,0.887730,0.888030,0
20140306 024159380,0.887740,0.888040,0
20140306 024207270,0.887730,0.888030,0
20140306 024212803,0.887740,0.888040,0
20140306 024213117,0.887730,0.888030,0
20140306 024214490,0.887740,0.888040,0
20140306 024250600,0.887750,0.888050,0
20140306 024301943,0.887740,0.888040,0
20140306 024306067,0.887750,0.888050,0
20140306 024310193,0.887760,0.888060,0
20140306 024310867,0.887770,0.888070,0
20140306 024315350,0.887760,0.888060,0
20140306 024316740,0.887770,0.888070,0
20140306 024317757,0.887760,0.888060,0
20140306 024319817,0.887750,0.888050,0
20140306 024320163,0.887760,0.888060,0
20140306 024320507,0.887750,0.888050,0
20140306 024320850,0.887760,0.888060,0
20140306 024322910,0.887750,0.888050,0
20140306 024323257,0.887760,0.888060,0
20140306 024326007,0.887750,0.888050,0
20140306 024326677,0.887760,0.888060,0
20140306 024327037,0.887750,0.888050,0
20140306 024338037,0.887760,0.888060,0
20140306 024339067,0.887750,0.888050,0
20140306 024339410,0.887760,0.888060,0
20140306 024340100,0.887740,0.888040,0
20140306 024340457,0.887760,0.888060,0
20140306 024342160,0.887770,0.888070,0
20140306 024342490,0.887790,0.888090,0
20140306 024342833,0.887800,0.888100,0
20140306 024343910,0.887790,0.888090,0
20140306 024344223,0.887800,0.888100,0
20140306 024345257,0.887810,0.888110,0
20140306 024350397,0.887860,0.888160,0
20140306 024350770,0.887880,0.888180,0
20140306 024351787,0.887860,0.888160,0
20140306 024352113,0.887840,0.888140,0
20140306 024352473,0.887850,0.888150,0
20140306 024403113,0.887840,0.888140,0
20140306 024404160,0.887830,0.888130,0
20140306 024405880,0.887850,0.888150,0
20140306 024406223,0.887840,0.888140,0
20140306 024406567,0.887850,0.888150,0
20140306 024407240,0.887840,0.888140,0
20140306 024409303,0.887860,0.888160,0
20140306 024409660,0.887870,0.888170,0
20140306 024410007,0.887880,0.888180,0
20140306 024412397,0.887870,0.888170,0
20140306 024415177,0.887880,0.888180,0
20140306 024416880,0.887890,0.888190,0
20140306 024418943,0.887880,0.888180,0
20140306 024419973,0.887890,0.888190,0
20140306 024423757,0.887880,0.888180,0
20140306 024424100,0.887890,0.888190,0
20140306 024430630,0.887880,0.888180,0
20140306 024431303,0.887890,0.888190,0
20140306 024431660,0.887880,0.888180,0
20140306 024434053,0.887890,0.888190,0
20140306 024434410,0.887880,0.888180,0
20140306 024434757,0.887890,0.888190,0
20140306 024443707,0.887880,0.888180,0
20140306 024444037,0.887870,0.888170,0
20140306 024444397,0.887860,0.888160,0
20140306 024444723,0.887840,0.888140,0
20140306 024445067,0.887830,0.888130,0
20140306 024503613,0.887840,0.888140,0
20140306 024504660,0.887830,0.888130,0
20140306 024506020,0.887840,0.888140,0
20140306 024506363,0.887830,0.888130,0
20140306 024506723,0.887860,0.888160,0
20140306 024507067,0.887850,0.888150,0
20140306 024507740,0.887860,0.888160,0
20140306 024508097,0.887870,0.888170,0
20140306 024508443,0.887880,0.888180,0
20140306 024517723,0.887890,0.888190,0
20140306 024538003,0.887900,0.888200,0
20140306 024611677,0.887910,0.888210,0
20140306 024617177,0.887920,0.888220,0
20140306 024617880,0.887950,0.888250,0
20140306 024618223,0.887990,0.888290,0
20140306 024623363,0.888000,0.888300,0
20140306 024623707,0.888010,0.888310,0
20140306 024624753,0.888020,0.888320,0
20140306 024625097,0.888030,0.888330,0
20140306 024626473,0.888040,0.888340,0
20140306 024629910,0.888030,0.888330,0
20140306 024630943,0.888020,0.888320,0
20140306 024631287,0.888010,0.888310,0
20140306 024631613,0.888020,0.888320,0
20140306 024632647,0.888010,0.888310,0
20140306 024635397,0.888020,0.888320,0
20140306 024636800,0.888010,0.888310,0
20140306 024637147,0.888000,0.888300,0
20140306 024637457,0.888010,0.888310,0
20140306 024637817,0.888000,0.888300,0
20140306 024639190,0.888010,0.888310,0
20140306 024639537,0.888000,0.888300,0
20140306 024641253,0.888010,0.888310,0
20140306 024641583,0.888000,0.888300,0
20140306 024645020,0.888010,0.888310,0
20140306 024649503,0.888000,0.888300,0
20140306 024649847,0.888010,0.888310,0
20140306 024650537,0.888020,0.888320,0
20140306 024650880,0.888030,0.888330,0
20140306 024652597,0.888020,0.888320,0
20140306 024655003,0.888030,0.888330,0
20140306 024655347,0.888020,0.888320,0
20140306 024655677,0.888010,0.888310,0
20140306 024656037,0.888020,0.888320,0
20140306 024656363,0.888010,0.888310,0
20140306 024657067,0.888020,0.888320,0
20140306 024659800,0.888030,0.888330,0
20140306 024700847,0.888020,0.888320,0
20140306 024702567,0.888030,0.888330,0
20140306 024702893,0.888020,0.888320,0
20140306 024714237,0.888010,0.888310,0
20140306 024717690,0.888000,0.888300,0
20140306 024718037,0.888010,0.888310,0
20140306 024723880,0.888000,0.888300,0
20140306 024727317,0.888010,0.888310,0
20140306 024734863,0.888000,0.888300,0
20140306 024736270,0.887980,0.888280,0
20140306 024736613,0.887970,0.888270,0
20140306 024736957,0.887960,0.888260,0
20140306 024737287,0.887940,0.888240,0
20140306 024747583,0.887950,0.888250,0
20140306 024748270,0.887940,0.888240,0
20140306 024751020,0.887950,0.888250,0
20140306 024751363,0.887940,0.888240,0
20140306 024752393,0.887950,0.888250,0
20140306 024753083,0.887940,0.888240,0
20140306 024753427,0.887950,0.888250,0
20140306 024755487,0.887960,0.888260,0
20140306 024756177,0.887950,0.888250,0
20140306 024815770,0.887960,0.888260,0
20140306 024823347,0.887950,0.888250,0
20140306 024830580,0.887910,0.888210,0
20140306 024830927,0.887890,0.888190,0
20140306 024831253,0.887820,0.888120,0
20140306 024831927,0.887830,0.888130,0
20140306 024841550,0.887800,0.888100,0
20140306 024842253,0.887820,0.888120,0
20140306 024843973,0.887830,0.888130,0
20140306 024846363,0.887840,0.888140,0
20140306 024848097,0.887850,0.888150,0
20140306 024854973,0.887860,0.888160,0
20140306 024858067,0.887870,0.888170,0
20140306 024858410,0.887860,0.888160,0
20140306 024901830,0.887870,0.888170,0
20140306 024903223,0.887860,0.888160,0
20140306 024908723,0.887870,0.888170,0
20140306 024909067,0.887860,0.888160,0
20140306 024911800,0.887870,0.888170,0
20140306 024912143,0.887860,0.888160,0
20140306 024912830,0.887870,0.888170,0
20140306 024915927,0.887860,0.888160,0
20140306 024918690,0.887870,0.888170,0
20140306 024919363,0.887860,0.888160,0
20140306 024930033,0.887850,0.888150,0
20140306 024931737,0.887860,0.888160,0
20140306 024943440,0.887870,0.888170,0
20140306 024946177,0.887860,0.888160,0
20140306 024954440,0.887870,0.888170,0
20140306 024956160,0.887860,0.888160,0
20140306 024957877,0.887870,0.888170,0
20140306 025007830,0.887860,0.888160,0
20140306 025039817,0.887870,0.888170,0
20140306 025042220,0.887860,0.888160,0
20140306 025044283,0.887870,0.888170,0
20140306 025046690,0.887860,0.888160,0
20140306 025048393,0.887870,0.888170,0
20140306 025049783,0.887880,0.888180,0
20140306 025052863,0.887870,0.888170,0
20140306 025102517,0.887860,0.888160,0
20140306 025102830,0.887830,0.888130,0
20140306 025103190,0.887840,0.888140,0
20140306 025103533,0.887830,0.888130,0
20140306 025105253,0.887840,0.888140,0
20140306 025118817,0.887850,0.888150,0
20140306 025119330,0.887860,0.888160,0
20140306 025131017,0.887850,0.888150,0
20140306 025131360,0.887860,0.888160,0
20140306 025135847,0.887850,0.888150,0
20140306 025146157,0.887840,0.888140,0
20140306 025146830,0.887850,0.888150,0
20140306 025147190,0.887860,0.888160,0
20140306 025147517,0.887870,0.888170,0
20140306 025148567,0.887890,0.888190,0
20140306 025148907,0.887900,0.888200,0
20140306 025150267,0.887910,0.888210,0
20140306 025152673,0.887940,0.888240,0
20140306 025153017,0.887960,0.888260,0
20140306 025153360,0.887970,0.888270,0
20140306 025153720,0.887980,0.888280,0
20140306 025154080,0.887990,0.888290,0
20140306 025201300,0.887980,0.888280,0
20140306 025201627,0.887950,0.888250,0
20140306 025201970,0.887960,0.888260,0
20140306 025204017,0.887940,0.888240,0
20140306 025205393,0.887930,0.888230,0
20140306 025208517,0.887910,0.888210,0
20140306 025210923,0.887900,0.888200,0
20140306 025211253,0.887890,0.888190,0
20140306 025211610,0.887860,0.888160,0
20140306 025211957,0.887850,0.888150,0
20140306 025214347,0.887860,0.888160,0
20140306 025218470,0.887870,0.888170,0
20140306 025220207,0.887890,0.888190,0
20140306 025220550,0.887920,0.888220,0
20140306 025220877,0.887950,0.888250,0
20140306 025221563,0.887960,0.888260,0
20140306 025224657,0.887950,0.888250,0
20140306 025225003,0.887880,0.888180,0
20140306 025225690,0.887910,0.888210,0
20140306 025226033,0.887960,0.888260,0
20140306 025226377,0.887970,0.888270,0
20140306 025228440,0.887960,0.888260,0
20140306 025229127,0.887970,0.888270,0
20140306 025248737,0.887990,0.888290,0
20140306 025310017,0.888000,0.888300,0
20140306 025316207,0.888010,0.888310,0
20140306 025325157,0.888070,0.888370,0
20140306 025325830,0.888080,0.888380,0
20140306 025327893,0.888060,0.888360,0
20140306 025328237,0.888070,0.888370,0
20140306 025328580,0.888060,0.888360,0
20140306 025328923,0.888090,0.888390,0
20140306 025335110,0.888060,0.888360,0
20140306 025335470,0.888100,0.888400,0
20140306 025339597,0.888090,0.888390,0
20140306 025340627,0.888080,0.888380,0
20140306 025340970,0.888070,0.888370,0
20140306 025341330,0.888050,0.888350,0
20140306 025341657,0.888040,0.888340,0
20140306 025356110,0.887990,0.888290,0
20140306 025356440,0.887960,0.888260,0
20140306 025356797,0.887950,0.888250,0
20140306 025358157,0.887940,0.888240,0
20140306 025358487,0.887930,0.888230,0
20140306 025359517,0.887920,0.888220,0
20140306 025359877,0.887930,0.888230,0
20140306 025404017,0.887960,0.888260,0
20140306 025405377,0.887970,0.888270,0
20140306 025413283,0.887940,0.888240,0
20140306 025413627,0.887960,0.888260,0
20140306 025415000,0.887970,0.888270,0
20140306 025415330,0.887960,0.888260,0
20140306 025415690,0.887970,0.888270,0
20140306 025506203,0.887980,0.888280,0
20140306 025509657,0.887970,0.888270,0
20140306 025510000,0.887980,0.888280,0
20140306 025513093,0.887970,0.888270,0
20140306 025518923,0.887960,0.888260,0
20140306 025520330,0.887970,0.888270,0
20140306 025520673,0.887980,0.888280,0
20140306 025522377,0.887960,0.888260,0
20140306 025522720,0.887980,0.888280,0
20140306 025528907,0.888010,0.888310,0
20140306 025529250,0.888040,0.888340,0
20140306 025534080,0.888050,0.888350,0
20140306 025534407,0.888040,0.888340,0
20140306 025539220,0.888050,0.888350,0
20140306 025549533,0.888060,0.888360,0
20140306 025557093,0.888050,0.888350,0
20140306 025628720,0.888040,0.888340,0
20140306 025629063,0.888050,0.888350,0
20140306 025641780,0.888040,0.888340,0
20140306 025642470,0.888050,0.888350,0
20140306 025642827,0.888040,0.888340,0
20140306 025643140,0.888020,0.888320,0
20140306 025643487,0.887990,0.888290,0
20140306 025652780,0.887980,0.888280,0
20140306 025653470,0.887990,0.888290,0
20140306 025653827,0.887980,0.888280,0
20140306 025654140,0.887970,0.888270,0
20140306 025655530,0.887960,0.888260,0
20140306 025702063,0.887970,0.888270,0
20140306 025708593,0.887960,0.888260,0
20140306 025729203,0.887970,0.888270,0
20140306 025729890,0.887990,0.888290,0
20140306 025739517,0.887980,0.888280,0
20140306 025742610,0.887990,0.888290,0
20140306 025742953,0.887980,0.888280,0
20140306 025746390,0.887990,0.888290,0
20140306 025746733,0.888000,0.888300,0
20140306 025801877,0.888030,0.888330,0
20140306 025802203,0.888040,0.888340,0
20140306 025802563,0.888050,0.888350,0
20140306 025805670,0.888020,0.888320,0
20140306 025806343,0.888000,0.888300,0
20140306 025807030,0.888010,0.888310,0
20140306 025818377,0.888000,0.888300,0
20140306 025818703,0.888010,0.888310,0
20140306 025822500,0.888030,0.888330,0
20140306 025829017,0.888020,0.888320,0
20140306 025830047,0.888030,0.888330,0
20140306 025830407,0.888040,0.888340,0
20140306 025831780,0.888050,0.888350,0
20140306 025832797,0.888040,0.888340,0
20140306 025833500,0.888050,0.888350,0
20140306 025834187,0.888040,0.888340,0
20140306 025835577,0.888050,0.888350,0
20140306 025835920,0.888060,0.888360,0
20140306 025836250,0.888070,0.888370,0
20140306 025838313,0.888090,0.888390,0
20140306 025839670,0.888100,0.888400,0
20140306 025840047,0.888110,0.888410,0
20140306 025840390,0.888130,0.888430,0
20140306 025840717,0.888140,0.888440,0
20140306 025841077,0.888130,0.888430,0
20140306 025841407,0.888140,0.888440,0
20140306 025845170,0.888130,0.888430,0
20140306 025852750,0.888120,0.888420,0
20140306 025853093,0.888130,0.888430,0
20140306 025853437,0.888140,0.888440,0
20140306 025853813,0.888130,0.888430,0
20140306 025856873,0.888120,0.888420,0
20140306 025858250,0.888090,0.888390,0
20140306 025859280,0.888080,0.888380,0
20140306 025903750,0.888070,0.888370,0
20140306 025904093,0.888080,0.888380,0
20140306 025904437,0.888070,0.888370,0
20140306 025904767,0.888080,0.888380,0
20140306 025920607,0.888100,0.888400,0
20140306 025941233,0.888090,0.888390,0
20140306 025941547,0.888080,0.888380,0
20140306 025942937,0.888070,0.888370,0
20140306 025944310,0.888060,0.888360,0
20140306 025944657,0.888070,0.888370,0
20140306 025946703,0.888050,0.888350,0
20140306 025947390,0.888060,0.888360,0
20140306 025949123,0.888030,0.888330,0
20140306 025949467,0.888010,0.888310,0
20140306 025949810,0.888020,0.888320,0
20140306 025950157,0.888040,0.888340,0
20140306 025950500,0.888050,0.888350,0
20140306 025953233,0.888040,0.888340,0
20140306 025953577,0.888030,0.888330,0
20140306 025956327,0.888040,0.888340,0
