20140307 000017493,0.879250,0.879550,0
20140307 000017853,0.879240,0.879540,0
20140307 000019573,0.879230,0.879530,0
20140307 000025743,0.879240,0.879540,0
20140307 000026790,0.879250,0.879550,0
20140307 000047073,0.879230,0.879530,0
20140307 000100820,0.879240,0.879540,0
20140307 000101510,0.879250,0.879550,0
20140307 000103587,0.879290,0.879590,0
20140307 000114227,0.879310,0.879610,0
20140307 000123510,0.879320,0.879620,0
20140307 000123853,0.879310,0.879610,0
20140307 000139650,0.879300,0.879600,0
20140307 000142760,0.879310,0.879610,0
20140307 000145493,0.879300,0.879600,0
20140307 000145853,0.879310,0.879610,0
20140307 000149290,0.879300,0.879600,0
20140307 000213353,0.879290,0.879590,0
20140307 000216447,0.879260,0.879560,0
20140307 000217820,0.879250,0.879550,0
20140307 000219883,0.879260,0.879560,0
20140307 000222633,0.879250,0.879550,0
20140307 000304557,0.879260,0.879560,0
20140307 000312460,0.879240,0.879540,0
20140307 000315210,0.879230,0.879530,0
20140307 000315900,0.879210,0.879510,0
20140307 000317960,0.879200,0.879500,0
20140307 000321400,0.879210,0.879510,0
20140307 000321743,0.879220,0.879520,0
20140307 000336180,0.879230,0.879530,0
20140307 000347180,0.879220,0.879520,0
20140307 000354057,0.879230,0.879530,0
20140307 000354397,0.879220,0.879520,0
20140307 000403007,0.879230,0.879530,0
20140307 000403680,0.879250,0.879550,0
20140307 000404023,0.879260,0.879560,0
20140307 000407460,0.879250,0.879550,0
20140307 000418460,0.879260,0.879560,0
20140307 000422243,0.879270,0.879570,0
20140307 000427057,0.879280,0.879580,0
20140307 000427397,0.879270,0.879570,0
20140307 000432210,0.879260,0.879560,0
20140307 000434960,0.879250,0.879550,0
20140307 000443227,0.879240,0.879540,0
20140307 000443587,0.879230,0.879530,0
20140307 000445617,0.879220,0.879520,0
20140307 000453180,0.879230,0.879530,0
20140307 000457320,0.879250,0.879550,0
20140307 000531697,0.879240,0.879540,0
20140307 000532367,0.879230,0.879530,0
20140307 000534773,0.879220,0.879520,0
20140307 000538210,0.879210,0.879510,0
20140307 000540273,0.879230,0.879530,0
20140307 000540617,0.879210,0.879510,0
20140307 000544413,0.879220,0.879520,0
20140307 000545447,0.879210,0.879510,0
20140307 000558147,0.879200,0.879500,0
20140307 000558507,0.879210,0.879510,0
20140307 000559867,0.879220,0.879520,0
20140307 000612930,0.879230,0.879530,0
20140307 000613273,0.879220,0.879520,0
20140307 000636303,0.879210,0.879510,0
20140307 000637693,0.879220,0.879520,0
20140307 000718960,0.879250,0.879550,0
20140307 000719287,0.879270,0.879570,0
20140307 000719617,0.879280,0.879580,0
20140307 000719960,0.879260,0.879560,0
20140307 000720320,0.879250,0.879550,0
20140307 000721337,0.879270,0.879570,0
20140307 000721710,0.879250,0.879550,0
20140307 000722023,0.879230,0.879530,0
20140307 000745397,0.879270,0.879570,0
20140307 000746100,0.879260,0.879560,0
20140307 000746443,0.879280,0.879580,0
20140307 000814287,0.879290,0.879590,0
20140307 000821163,0.879280,0.879580,0
20140307 000827350,0.879290,0.879590,0
20140307 000834913,0.879280,0.879580,0
20140307 000846600,0.879290,0.879590,0
20140307 000846943,0.879280,0.879580,0
20140307 000854850,0.879290,0.879590,0
20140307 000855880,0.879280,0.879580,0
20140307 000856210,0.879270,0.879570,0
20140307 000856553,0.879290,0.879590,0
20140307 000903083,0.879270,0.879570,0
20140307 000903443,0.879250,0.879550,0
20140307 000903770,0.879240,0.879540,0
20140307 000904130,0.879260,0.879560,0
20140307 000906880,0.879240,0.879540,0
20140307 000918210,0.879230,0.879530,0
20140307 000926817,0.879250,0.879550,0
20140307 000927147,0.879240,0.879540,0
20140307 000927507,0.879250,0.879550,0
20140307 000949850,0.879240,0.879540,0
20140307 001003257,0.879250,0.879550,0
20140307 001003943,0.879260,0.879560,0
20140307 001004287,0.879250,0.879550,0
20140307 001007723,0.879240,0.879540,0
20140307 001008053,0.879250,0.879550,0
20140307 001008757,0.879240,0.879540,0
20140307 001016647,0.879210,0.879510,0
20140307 001016990,0.879200,0.879500,0
20140307 001018723,0.879210,0.879510,0
20140307 001020770,0.879190,0.879490,0
20140307 001036583,0.879200,0.879500,0
20140307 001054473,0.879190,0.879490,0
20140307 001057207,0.879200,0.879500,0
20140307 001106507,0.879190,0.879490,0
20140307 001111303,0.879180,0.879480,0
20140307 001118537,0.879190,0.879490,0
20140307 001120943,0.879220,0.879520,0
20140307 001121287,0.879210,0.879510,0
20140307 001128833,0.879220,0.879520,0
20140307 001129207,0.879260,0.879560,0
20140307 001129537,0.879270,0.879570,0
20140307 001141223,0.879260,0.879560,0
20140307 001143287,0.879270,0.879570,0
20140307 001143973,0.879260,0.879560,0
20140307 001144317,0.879230,0.879530,0
20140307 001145007,0.879220,0.879520,0
20140307 001146380,0.879210,0.879510,0
20140307 001151537,0.879220,0.879520,0
20140307 001151863,0.879240,0.879540,0
20140307 001158067,0.879250,0.879550,0
20140307 001158397,0.879260,0.879560,0
20140307 001159097,0.879240,0.879540,0
20140307 001201507,0.879220,0.879520,0
20140307 001202863,0.879260,0.879560,0
20140307 001203223,0.879220,0.879520,0
20140307 001222473,0.879210,0.879510,0
20140307 001224880,0.879190,0.879490,0
20140307 001238973,0.879200,0.879500,0
20140307 001257863,0.879170,0.879470,0
20140307 001258207,0.879180,0.879480,0
20140307 001300957,0.879160,0.879460,0
20140307 001321943,0.879150,0.879450,0
20140307 001322270,0.879160,0.879460,0
20140307 001322613,0.879150,0.879450,0
20140307 001322957,0.879160,0.879460,0
20140307 001323990,0.879150,0.879450,0
20140307 001325037,0.879130,0.879430,0
20140307 001332943,0.879120,0.879420,0
20140307 001346003,0.879140,0.879440,0
20140307 001348067,0.879130,0.879430,0
20140307 001348753,0.879140,0.879440,0
20140307 001408003,0.879160,0.879460,0
20140307 001422800,0.879140,0.879440,0
20140307 001423130,0.879160,0.879460,0
20140307 001424143,0.879140,0.879440,0
20140307 001425537,0.879150,0.879450,0
20140307 001433787,0.879160,0.879460,0
20140307 001434457,0.879170,0.879470,0
20140307 001435160,0.879160,0.879460,0
20140307 001440660,0.879140,0.879440,0
20140307 001441003,0.879130,0.879430,0
20140307 001443753,0.879140,0.879440,0
20140307 001444097,0.879160,0.879460,0
20140307 001455097,0.879150,0.879450,0
20140307 001456487,0.879160,0.879460,0
20140307 001456833,0.879170,0.879470,0
20140307 001500253,0.879160,0.879460,0
20140307 001503003,0.879180,0.879480,0
20140307 001531190,0.879220,0.879520,0
20140307 001542177,0.879210,0.879510,0
20140307 001542863,0.879190,0.879490,0
20140307 001555927,0.879180,0.879480,0
20140307 001602800,0.879190,0.879490,0
20140307 001603143,0.879180,0.879480,0
20140307 001603830,0.879190,0.879490,0
20140307 001610723,0.879200,0.879500,0
20140307 001611737,0.879190,0.879490,0
20140307 001612080,0.879180,0.879480,0
20140307 001612427,0.879190,0.879490,0
20140307 001617927,0.879200,0.879500,0
20140307 001618270,0.879190,0.879490,0
20140307 001622050,0.879180,0.879480,0
20140307 001631330,0.879170,0.879470,0
20140307 001636487,0.879180,0.879480,0
20140307 001651267,0.879190,0.879490,0
20140307 001656767,0.879170,0.879470,0
20140307 001701927,0.879180,0.879480,0
20140307 001711550,0.879170,0.879470,0
20140307 001722893,0.879180,0.879480,0
20140307 001748347,0.879190,0.879490,0
20140307 001748673,0.879200,0.879500,0
20140307 001752113,0.879170,0.879470,0
20140307 001752457,0.879160,0.879460,0
20140307 001752800,0.879140,0.879440,0
20140307 001823737,0.879150,0.879450,0
20140307 001827863,0.879160,0.879460,0
20140307 001829923,0.879130,0.879430,0
20140307 001834393,0.879150,0.879450,0
20140307 001836113,0.879140,0.879440,0
20140307 001836457,0.879150,0.879450,0
20140307 001845050,0.879160,0.879460,0
20140307 001850550,0.879140,0.879440,0
20140307 001856737,0.879160,0.879460,0
20140307 001857080,0.879180,0.879480,0
20140307 001859487,0.879190,0.879490,0
20140307 001902237,0.879160,0.879460,0
20140307 001902580,0.879190,0.879490,0
20140307 001907050,0.879180,0.879480,0
20140307 001910503,0.879190,0.879490,0
20140307 001910847,0.879200,0.879500,0
20140307 001911173,0.879220,0.879520,0
20140307 001911860,0.879200,0.879500,0
20140307 001915300,0.879210,0.879510,0
20140307 001916330,0.879220,0.879520,0
20140307 001918737,0.879200,0.879500,0
20140307 001948657,0.879190,0.879490,0
20140307 001950033,0.879200,0.879500,0
20140307 001955190,0.879190,0.879490,0
20140307 002001720,0.879180,0.879480,0
20140307 002010657,0.879190,0.879490,0
20140307 002015457,0.879180,0.879480,0
20140307 002015813,0.879190,0.879490,0
20140307 002016143,0.879180,0.879480,0
20140307 002022003,0.879190,0.879490,0
20140307 002027500,0.879180,0.879480,0
20140307 002031610,0.879190,0.879490,0
20140307 002047097,0.879200,0.879500,0
20140307 002053627,0.879190,0.879490,0
20140307 002053970,0.879200,0.879500,0
20140307 002114250,0.879190,0.879490,0
20140307 002118703,0.879180,0.879480,0
20140307 002119047,0.879190,0.879490,0
20140307 002124220,0.879210,0.879510,0
20140307 002124547,0.879200,0.879500,0
20140307 002125597,0.879210,0.879510,0
20140307 002147237,0.879200,0.879500,0
20140307 002202720,0.879190,0.879490,0
20140307 002208563,0.879200,0.879500,0
20140307 002218877,0.879190,0.879490,0
20140307 002222640,0.879180,0.879480,0
20140307 002223330,0.879190,0.879490,0
20140307 002241547,0.879170,0.879470,0
20140307 002250140,0.879180,0.879480,0
20140307 002251173,0.879170,0.879470,0
20140307 002300453,0.879180,0.879480,0
20140307 002300797,0.879170,0.879470,0
20140307 002301487,0.879180,0.879480,0
20140307 002305267,0.879170,0.879470,0
20140307 002311110,0.879180,0.879480,0
20140307 002311453,0.879170,0.879470,0
20140307 002454250,0.879160,0.879460,0
20140307 002454577,0.879170,0.879470,0
20140307 002508000,0.879160,0.879460,0
20140307 002512127,0.879170,0.879470,0
20140307 002512453,0.879180,0.879480,0
20140307 002527593,0.879190,0.879490,0
20140307 002532750,0.879180,0.879480,0
20140307 002533093,0.879190,0.879490,0
20140307 002537563,0.879180,0.879480,0
20140307 002607123,0.879190,0.879490,0
20140307 002610203,0.879180,0.879480,0
20140307 002611920,0.879170,0.879470,0
20140307 002618123,0.879180,0.879480,0
20140307 002646640,0.879190,0.879490,0
20140307 002648703,0.879200,0.879500,0
20140307 002649047,0.879220,0.879520,0
20140307 002708297,0.879200,0.879500,0
20140307 002708640,0.879190,0.879490,0
20140307 002725140,0.879180,0.879480,0
20140307 002725483,0.879190,0.879490,0
20140307 002751623,0.879180,0.879480,0
20140307 002805373,0.879170,0.879470,0
20140307 002831140,0.879180,0.879480,0
20140307 002831497,0.879190,0.879490,0
20140307 002858997,0.879180,0.879480,0
20140307 002923747,0.879200,0.879500,0
20140307 002927187,0.879190,0.879490,0
20140307 002950560,0.879180,0.879480,0
20140307 002953310,0.879190,0.879490,0
20140307 002953653,0.879180,0.879480,0
20140307 002958810,0.879170,0.879470,0
20140307 003000857,0.879190,0.879490,0
20140307 003001217,0.879240,0.879540,0
20140307 003001560,0.879210,0.879510,0
20140307 003001903,0.879260,0.879560,0
20140307 003002247,0.879240,0.879540,0
20140307 003011170,0.879250,0.879550,0
20140307 003112013,0.879260,0.879560,0
20140307 003112700,0.879280,0.879580,0
20140307 003113043,0.879270,0.879570,0
20140307 003115467,0.879280,0.879580,0
20140307 003115827,0.879300,0.879600,0
20140307 003119920,0.879280,0.879580,0
20140307 003125437,0.879260,0.879560,0
20140307 003125780,0.879250,0.879550,0
20140307 003126137,0.879230,0.879530,0
20140307 003134373,0.879220,0.879520,0
20140307 003136420,0.879210,0.879510,0
20140307 003202217,0.879220,0.879520,0
20140307 003208060,0.879210,0.879510,0
20140307 003209090,0.879220,0.879520,0
20140307 003211480,0.879210,0.879510,0
20140307 003211840,0.879220,0.879520,0
20140307 003214933,0.879230,0.879530,0
20140307 003222840,0.879220,0.879520,0
20140307 003234527,0.879230,0.879530,0
20140307 003234857,0.879220,0.879520,0
20140307 003236590,0.879230,0.879530,0
20140307 003238653,0.879220,0.879520,0
20140307 003239340,0.879230,0.879530,0
20140307 003241043,0.879240,0.879540,0
20140307 003244480,0.879230,0.879530,0
20140307 003251387,0.879220,0.879520,0
20140307 003251700,0.879210,0.879510,0
20140307 003257887,0.879220,0.879520,0
20140307 003258920,0.879210,0.879510,0
20140307 003303403,0.879220,0.879520,0
20140307 003311997,0.879230,0.879530,0
20140307 003313013,0.879220,0.879520,0
20140307 003313373,0.879230,0.879530,0
20140307 003344293,0.879250,0.879550,0
20140307 003348433,0.879260,0.879560,0
20140307 003402513,0.879270,0.879570,0
20140307 003409043,0.879280,0.879580,0
20140307 003416620,0.879260,0.879560,0
20140307 003416950,0.879230,0.879530,0
20140307 003436903,0.879220,0.879520,0
20140307 003457183,0.879230,0.879530,0
20140307 003503027,0.879240,0.879540,0
20140307 003510247,0.879230,0.879530,0
20140307 003513667,0.879220,0.879520,0
20140307 003514043,0.879200,0.879500,0
20140307 003514370,0.879210,0.879510,0
20140307 003519183,0.879220,0.879520,0
20140307 003543917,0.879200,0.879500,0
20140307 003544260,0.879190,0.879490,0
20140307 003545980,0.879210,0.879510,0
20140307 003615200,0.879230,0.879530,0
20140307 003619667,0.879250,0.879550,0
20140307 003625527,0.879260,0.879560,0
20140307 003629307,0.879280,0.879580,0
20140307 003632747,0.879290,0.879590,0
20140307 003634107,0.879300,0.879600,0
20140307 003635137,0.879310,0.879610,0
20140307 003635497,0.879300,0.879600,0
20140307 003639260,0.879310,0.879610,0
20140307 003640637,0.879300,0.879600,0
20140307 003641323,0.879310,0.879610,0
20140307 003644073,0.879300,0.879600,0
20140307 003714683,0.879310,0.879610,0
20140307 003716400,0.879300,0.879600,0
20140307 003726713,0.879290,0.879590,0
20140307 003747323,0.879300,0.879600,0
20140307 003754197,0.879290,0.879590,0
20140307 003817917,0.879280,0.879580,0
20140307 003823777,0.879260,0.879560,0
20140307 003824120,0.879250,0.879550,0
20140307 003827917,0.879220,0.879520,0
20140307 003838900,0.879230,0.879530,0
20140307 003841650,0.879210,0.879510,0
20140307 003841980,0.879220,0.879520,0
20140307 003851637,0.879230,0.879530,0
20140307 004001040,0.879240,0.879540,0
20140307 004022027,0.879230,0.879530,0
20140307 004058807,0.879220,0.879520,0
20140307 004113227,0.879210,0.879510,0
20140307 004113573,0.879220,0.879520,0
20140307 004117040,0.879210,0.879510,0
20140307 004120117,0.879220,0.879520,0
20140307 004130087,0.879210,0.879510,0
20140307 004131447,0.879200,0.879500,0
20140307 004134227,0.879150,0.879450,0
20140307 004134557,0.879130,0.879430,0
20140307 004137290,0.879140,0.879440,0
20140307 004137650,0.879130,0.879430,0
20140307 004140057,0.879140,0.879440,0
20140307 004140400,0.879130,0.879430,0
20140307 004143510,0.879150,0.879450,0
20140307 004143837,0.879160,0.879460,0
20140307 004155523,0.879170,0.879470,0
20140307 004155867,0.879190,0.879490,0
20140307 004159977,0.879170,0.879470,0
20140307 004205837,0.879190,0.879490,0
20140307 004216820,0.879170,0.879470,0
20140307 004217167,0.879160,0.879460,0
20140307 004246383,0.879190,0.879490,0
20140307 004247760,0.879170,0.879470,0
20140307 004248103,0.879180,0.879480,0
20140307 004248447,0.879190,0.879490,0
20140307 004251540,0.879180,0.879480,0
20140307 004259790,0.879190,0.879490,0
20140307 004302197,0.879160,0.879460,0
20140307 004305290,0.879180,0.879480,0
20140307 004305633,0.879190,0.879490,0
20140307 004310103,0.879210,0.879510,0
20140307 004340007,0.879220,0.879520,0
20140307 004359960,0.879240,0.879540,0
20140307 004409913,0.879270,0.879570,0
20140307 004410257,0.879300,0.879600,0
20140307 004416790,0.879240,0.879540,0
20140307 004417133,0.879260,0.879560,0
20140307 004436040,0.879270,0.879570,0
20140307 004443617,0.879300,0.879600,0
20140307 004443960,0.879310,0.879610,0
20140307 004444633,0.879320,0.879620,0
20140307 004452540,0.879300,0.879600,0
20140307 004502507,0.879290,0.879590,0
20140307 004505257,0.879300,0.879600,0
20140307 004515570,0.879290,0.879590,0
20140307 004526570,0.879280,0.879580,0
20140307 004528977,0.879270,0.879570,0
20140307 004529320,0.879240,0.879540,0
20140307 004529663,0.879250,0.879550,0
20140307 004531383,0.879240,0.879540,0
20140307 004531727,0.879230,0.879530,0
20140307 004547197,0.879220,0.879520,0
20140307 004615397,0.879230,0.879530,0
20140307 004615727,0.879240,0.879540,0
20140307 004616413,0.879250,0.879550,0
20140307 004616757,0.879240,0.879540,0
20140307 004620210,0.879250,0.879550,0
20140307 004620883,0.879240,0.879540,0
20140307 004623977,0.879250,0.879550,0
20140307 004630163,0.879240,0.879540,0
20140307 004630507,0.879220,0.879520,0
20140307 004649070,0.879230,0.879530,0
20140307 004702820,0.879220,0.879520,0
20140307 004719663,0.879210,0.879510,0
20140307 004721037,0.879200,0.879500,0
20140307 004723787,0.879210,0.879510,0
20140307 004731367,0.879250,0.879550,0
20140307 004801600,0.879230,0.879530,0
20140307 004817773,0.879240,0.879540,0
20140307 004818117,0.879270,0.879570,0
20140307 004819130,0.879280,0.879580,0
20140307 004834617,0.879270,0.879570,0
20140307 004835303,0.879260,0.879560,0
20140307 004850773,0.879290,0.879590,0
20140307 004855583,0.879280,0.879580,0
20140307 004900740,0.879270,0.879570,0
20140307 004902460,0.879240,0.879540,0
20140307 004903833,0.879270,0.879570,0
20140307 004904177,0.879290,0.879590,0
20140307 004904523,0.879300,0.879600,0
20140307 004909693,0.879290,0.879590,0
20140307 004910023,0.879300,0.879600,0
20140307 004914820,0.879310,0.879610,0
20140307 004922740,0.879300,0.879600,0
20140307 004924460,0.879280,0.879580,0
20140307 004924803,0.879290,0.879590,0
20140307 005025990,0.879270,0.879570,0
20140307 005046943,0.879280,0.879580,0
20140307 005104130,0.879290,0.879590,0
20140307 005111693,0.879300,0.879600,0
20140307 005112037,0.879290,0.879590,0
20140307 005131973,0.879280,0.879580,0
20140307 005132333,0.879240,0.879540,0
20140307 005132660,0.879230,0.879530,0
20140307 005142287,0.879220,0.879520,0
20140307 005252770,0.879210,0.879510,0
20140307 005346397,0.879190,0.879490,0
20140307 005347067,0.879200,0.879500,0
20140307 005348097,0.879210,0.879510,0
20140307 005403223,0.879190,0.879490,0
20140307 005403583,0.879200,0.879500,0
20140307 005403910,0.879190,0.879490,0
20140307 005406317,0.879210,0.879510,0
20140307 005406677,0.879200,0.879500,0
20140307 005409083,0.879190,0.879490,0
20140307 005409753,0.879200,0.879500,0
20140307 005410113,0.879190,0.879490,0
20140307 005410443,0.879200,0.879500,0
20140307 005413880,0.879190,0.879490,0
20140307 005427647,0.879180,0.879480,0
20140307 005443113,0.879190,0.879490,0
20140307 005447910,0.879180,0.879480,0
20140307 005456863,0.879170,0.879470,0
20140307 005500973,0.879160,0.879460,0
20140307 005503037,0.879150,0.879450,0
20140307 005508207,0.879180,0.879480,0
20140307 005550143,0.879170,0.879470,0
20140307 005552880,0.879180,0.879480,0
20140307 005553253,0.879210,0.879510,0
20140307 005553583,0.879220,0.879520,0
20140307 005553927,0.879210,0.879510,0
20140307 005609037,0.879200,0.879500,0
20140307 005610410,0.879210,0.879510,0
20140307 005620050,0.879200,0.879500,0
20140307 005638957,0.879210,0.879510,0
20140307 005640660,0.879200,0.879500,0
20140307 005648237,0.879210,0.879510,0
20140307 005648567,0.879200,0.879500,0
20140307 005649613,0.879210,0.879510,0
20140307 005739457,0.879200,0.879500,0
20140307 005752517,0.879210,0.879510,0
20140307 005805910,0.879200,0.879500,0
20140307 005812800,0.879190,0.879490,0
20140307 005816220,0.879200,0.879500,0
20140307 005816940,0.879210,0.879510,0
20140307 005817253,0.879200,0.879500,0
20140307 005817957,0.879190,0.879490,0
20140307 005818283,0.879200,0.879500,0
20140307 005818970,0.879210,0.879510,0
20140307 005819330,0.879190,0.879490,0
20140307 005823097,0.879180,0.879480,0
20140307 005842690,0.879190,0.879490,0
20140307 005855067,0.879180,0.879480,0
20140307 005905720,0.879190,0.879490,0
20140307 005921877,0.879200,0.879500,0
20140307 005929783,0.879190,0.879490,0
20140307 005933907,0.879200,0.879500,0
20140307 005939067,0.879180,0.879480,0
20140307 005955937,0.879170,0.879470,0
20140307 005956280,0.879160,0.879460,0
20140307 010000083,0.879150,0.879450,0
20140307 010000427,0.879130,0.879430,0
20140307 010000757,0.879120,0.879420,0
20140307 010002837,0.879130,0.879430,0
20140307 010005577,0.879120,0.879420,0
20140307 010011420,0.879130,0.879430,0
20140307 010023810,0.879160,0.879460,0
20140307 010024140,0.879170,0.879470,0
20140307 010026530,0.879160,0.879460,0
20140307 010027577,0.879150,0.879450,0
20140307 010027920,0.879140,0.879440,0
20140307 010028263,0.879150,0.879450,0
20140307 010032390,0.879140,0.879440,0
20140307 010032717,0.879160,0.879460,0
20140307 010043733,0.879140,0.879440,0
20140307 010048547,0.879150,0.879450,0
20140307 010048890,0.879160,0.879460,0
20140307 010054047,0.879150,0.879450,0
20140307 010114670,0.879160,0.879460,0
20140307 010115013,0.879150,0.879450,0
20140307 010116733,0.879160,0.879460,0
20140307 010118107,0.879150,0.879450,0
20140307 010118593,0.879160,0.879460,0
20140307 010118797,0.879150,0.879450,0
20140307 010121873,0.879160,0.879460,0
20140307 010122577,0.879150,0.879450,0
20140307 010137013,0.879190,0.879490,0
20140307 010137717,0.879170,0.879470,0
20140307 010142170,0.879160,0.879460,0
20140307 010153857,0.879180,0.879480,0
20140307 010154547,0.879190,0.879490,0
20140307 010154890,0.879180,0.879480,0
20140307 010155903,0.879170,0.879470,0
20140307 010156263,0.879180,0.879480,0
20140307 010158670,0.879170,0.879470,0
20140307 010201060,0.879180,0.879480,0
20140307 010201420,0.879170,0.879470,0
20140307 010202437,0.879180,0.879480,0
20140307 010203137,0.879170,0.879470,0
20140307 010203483,0.879150,0.879450,0
20140307 010206937,0.879140,0.879440,0
20140307 010207593,0.879130,0.879430,0
20140307 010207950,0.879120,0.879420,0
20140307 010221030,0.879140,0.879440,0
20140307 010222047,0.879150,0.879450,0
20140307 010225483,0.879160,0.879460,0
20140307 010226153,0.879150,0.879450,0
20140307 010234763,0.879140,0.879440,0
20140307 010245077,0.879130,0.879430,0
20140307 010300187,0.879140,0.879440,0
20140307 010305687,0.879130,0.879430,0
20140307 010307747,0.879160,0.879460,0
20140307 010327340,0.879180,0.879480,0
20140307 010327687,0.879200,0.879500,0
20140307 010328030,0.879210,0.879510,0
20140307 010341437,0.879190,0.879490,0
20140307 010341793,0.879180,0.879480,0
20140307 010343840,0.879190,0.879490,0
20140307 010344200,0.879210,0.879510,0
20140307 010347293,0.879200,0.879500,0
20140307 010349027,0.879180,0.879480,0
20140307 010349357,0.879170,0.879470,0
20140307 010350060,0.879150,0.879450,0
20140307 010350387,0.879160,0.879460,0
20140307 010354170,0.879170,0.879470,0
20140307 010354857,0.879160,0.879460,0
20140307 010355543,0.879170,0.879470,0
20140307 010358293,0.879160,0.879460,0
20140307 010358623,0.879140,0.879440,0
20140307 010358967,0.879130,0.879430,0
20140307 010359327,0.879120,0.879420,0
20140307 010410327,0.879150,0.879450,0
20140307 010417543,0.879170,0.879470,0
20140307 010444700,0.879200,0.879500,0
20140307 010445027,0.879210,0.879510,0
20140307 010445373,0.879220,0.879520,0
20140307 010445717,0.879230,0.879530,0
20140307 010451217,0.879240,0.879540,0
20140307 010451560,0.879230,0.879530,0
20140307 010451920,0.879220,0.879520,0
20140307 010457763,0.879190,0.879490,0
20140307 010459123,0.879200,0.879500,0
20140307 010505997,0.879210,0.879510,0
20140307 010509107,0.879240,0.879540,0
20140307 010514623,0.879210,0.879510,0
20140307 010514933,0.879220,0.879520,0
20140307 010515980,0.879210,0.879510,0
20140307 010519403,0.879220,0.879520,0
20140307 010532480,0.879190,0.879490,0
20140307 010538310,0.879180,0.879480,0
20140307 010544167,0.879190,0.879490,0
20140307 010556887,0.879200,0.879500,0
20140307 010601357,0.879190,0.879490,0
20140307 010607903,0.879160,0.879460,0
20140307 010611667,0.879170,0.879470,0
20140307 010708590,0.879160,0.879460,0
20140307 010709417,0.879170,0.879470,0
20140307 010709763,0.879160,0.879460,0
20140307 010728667,0.879170,0.879470,0
20140307 010729027,0.879160,0.879460,0
20140307 010729357,0.879150,0.879450,0
20140307 010729700,0.879140,0.879440,0
20140307 010742403,0.879130,0.879430,0
20140307 010742760,0.879090,0.879390,0
20140307 010806497,0.879100,0.879400,0
20140307 010827107,0.879110,0.879410,0
20140307 010841543,0.879140,0.879440,0
20140307 010842213,0.879160,0.879460,0
20140307 010842573,0.879190,0.879490,0
20140307 010906980,0.879180,0.879480,0
20140307 010907340,0.879140,0.879440,0
20140307 010907667,0.879130,0.879430,0
20140307 010914197,0.879140,0.879440,0
20140307 010919353,0.879130,0.879430,0
20140307 010926573,0.879160,0.879460,0
20140307 010954400,0.879150,0.879450,0
20140307 010954760,0.879140,0.879440,0
20140307 010959573,0.879130,0.879430,0
20140307 011004730,0.879140,0.879440,0
20140307 011005073,0.879130,0.879430,0
20140307 011005417,0.879140,0.879440,0
20140307 011006793,0.879150,0.879450,0
20140307 011012620,0.879170,0.879470,0
20140307 011017087,0.879180,0.879480,0
20140307 011034290,0.879190,0.879490,0
20140307 011118637,0.879180,0.879480,0
20140307 011131697,0.879170,0.879470,0
20140307 011151637,0.879200,0.879500,0
20140307 011151963,0.879170,0.879470,0
20140307 011211573,0.879180,0.879480,0
20140307 011212603,0.879170,0.879470,0
20140307 011229103,0.879180,0.879480,0
20140307 011252150,0.879160,0.879460,0
20140307 011252477,0.879120,0.879420,0
20140307 011252823,0.879110,0.879410,0
20140307 011313103,0.879100,0.879400,0
20140307 011318260,0.879110,0.879410,0
20140307 011318603,0.879100,0.879400,0
20140307 011324103,0.879110,0.879410,0
20140307 011337167,0.879100,0.879400,0
20140307 011337493,0.879110,0.879410,0
20140307 011401570,0.879100,0.879400,0
20140307 011430790,0.879110,0.879410,0
20140307 011432853,0.879100,0.879400,0
20140307 011433540,0.879110,0.879410,0
20140307 011439727,0.879100,0.879400,0
20140307 011442133,0.879110,0.879410,0
20140307 011449010,0.879100,0.879400,0
20140307 011449337,0.879110,0.879410,0
20140307 011452447,0.879120,0.879420,0
20140307 011452790,0.879130,0.879430,0
20140307 011453133,0.879120,0.879420,0
20140307 011454167,0.879130,0.879430,0
20140307 011455540,0.879120,0.879420,0
20140307 011455883,0.879130,0.879430,0
20140307 011456213,0.879120,0.879420,0
20140307 011505167,0.879110,0.879410,0
20140307 011516853,0.879100,0.879400,0
20140307 011517180,0.879110,0.879410,0
20140307 011530257,0.879120,0.879420,0
20140307 011531290,0.879140,0.879440,0
20140307 011540210,0.879160,0.879460,0
20140307 011542290,0.879150,0.879450,0
20140307 011544353,0.879140,0.879440,0
20140307 011545383,0.879120,0.879420,0
20140307 011545727,0.879130,0.879430,0
20140307 011546070,0.879110,0.879410,0
20140307 011550540,0.879100,0.879400,0
20140307 011606353,0.879110,0.879410,0
20140307 011634197,0.879120,0.879420,0
20140307 011634540,0.879130,0.879430,0
20140307 011636273,0.879140,0.879440,0
20140307 011648960,0.879130,0.879430,0
20140307 011700647,0.879140,0.879440,0
20140307 011703070,0.879130,0.879430,0
20140307 011710633,0.879120,0.879420,0
20140307 011712337,0.879130,0.879430,0
20140307 011714757,0.879120,0.879420,0
20140307 011737430,0.879110,0.879410,0
20140307 011739850,0.879120,0.879420,0
20140307 011742947,0.879110,0.879410,0
20140307 011743290,0.879120,0.879420,0
20140307 011743960,0.879110,0.879410,0
20140307 011755993,0.879120,0.879420,0
20140307 011816633,0.879130,0.879430,0
20140307 011824180,0.879140,0.879440,0
20140307 011829697,0.879150,0.879450,0
20140307 011830727,0.879160,0.879460,0
20140307 011837947,0.879150,0.879450,0
20140307 011842757,0.879140,0.879440,0
20140307 011845490,0.879150,0.879450,0
20140307 011845837,0.879160,0.879460,0
20140307 011846883,0.879150,0.879450,0
20140307 011853070,0.879160,0.879460,0
20140307 011853413,0.879150,0.879450,0
20140307 011923303,0.879140,0.879440,0
20140307 011923693,0.879120,0.879420,0
20140307 011934663,0.879130,0.879430,0
20140307 012002490,0.879140,0.879440,0
20140307 012004913,0.879150,0.879450,0
20140307 012005600,0.879140,0.879440,0
20140307 012008693,0.879150,0.879450,0
20140307 012012133,0.879140,0.879440,0
20140307 012015227,0.879150,0.879450,0
20140307 012016587,0.879140,0.879440,0
20140307 012020380,0.879150,0.879450,0
20140307 012023460,0.879140,0.879440,0
20140307 012025193,0.879150,0.879450,0
20140307 012031380,0.879140,0.879440,0
20140307 012032053,0.879150,0.879450,0
20140307 012032740,0.879140,0.879440,0
20140307 012044100,0.879150,0.879450,0
20140307 012045130,0.879140,0.879440,0
20140307 012047537,0.879120,0.879420,0
20140307 012047880,0.879110,0.879410,0
20140307 012050630,0.879130,0.879430,0
20140307 012056460,0.879120,0.879420,0
20140307 012102647,0.879110,0.879410,0
20140307 012104727,0.879120,0.879420,0
20140307 012105757,0.879110,0.879410,0
20140307 012106787,0.879120,0.879420,0
20140307 012107117,0.879110,0.879410,0
20140307 012107477,0.879120,0.879420,0
20140307 012108507,0.879110,0.879410,0
20140307 012108850,0.879120,0.879420,0
20140307 012123630,0.879130,0.879430,0
20140307 012123977,0.879120,0.879420,0
20140307 012127053,0.879110,0.879410,0
20140307 012153537,0.879120,0.879420,0
20140307 012153880,0.879110,0.879410,0
20140307 012214163,0.879090,0.879390,0
20140307 012228240,0.879100,0.879400,0
20140307 012228943,0.879110,0.879410,0
20140307 012229287,0.879130,0.879430,0
20140307 012239583,0.879150,0.879450,0
20140307 012239927,0.879140,0.879440,0
20140307 012247163,0.879110,0.879410,0
20140307 012247490,0.879120,0.879420,0
20140307 012257130,0.879110,0.879410,0
20140307 012257460,0.879120,0.879420,0
20140307 012307100,0.879110,0.879410,0
20140307 012307443,0.879120,0.879420,0
20140307 012322567,0.879110,0.879410,0
20140307 012322913,0.879090,0.879390,0
20140307 012353850,0.879080,0.879380,0
20140307 012401427,0.879130,0.879430,0
20140307 012401770,0.879140,0.879440,0
20140307 012402113,0.879150,0.879450,0
20140307 012438177,0.879140,0.879440,0
20140307 012444380,0.879130,0.879430,0
20140307 012446787,0.879120,0.879420,0
20140307 012516020,0.879140,0.879440,0
20140307 012516333,0.879120,0.879420,0
20140307 012518740,0.879130,0.879430,0
20140307 012519427,0.879140,0.879440,0
20140307 012523240,0.879130,0.879430,0
20140307 012544177,0.879120,0.879420,0
20140307 012544863,0.879130,0.879430,0
20140307 012547270,0.879120,0.879420,0
20140307 012550707,0.879130,0.879430,0
20140307 012552083,0.879140,0.879440,0
20140307 012552427,0.879120,0.879420,0
20140307 012554490,0.879130,0.879430,0
20140307 012630927,0.879140,0.879440,0
20140307 012631270,0.879130,0.879430,0
20140307 012641237,0.879140,0.879440,0
20140307 012641583,0.879150,0.879450,0
20140307 012646050,0.879140,0.879440,0
20140307 012655677,0.879150,0.879450,0
20140307 012703927,0.879140,0.879440,0
20140307 012712520,0.879150,0.879450,0
20140307 012712863,0.879120,0.879420,0
20140307 012717333,0.879140,0.879440,0
20140307 012717677,0.879150,0.879450,0
20140307 012722487,0.879140,0.879440,0
20140307 012844643,0.879150,0.879450,0
20140307 012844987,0.879140,0.879440,0
20140307 012856330,0.879150,0.879450,0
20140307 012856677,0.879140,0.879440,0
20140307 012923160,0.879150,0.879450,0
20140307 012923503,0.879140,0.879440,0
20140307 012935190,0.879150,0.879450,0
20140307 012935533,0.879140,0.879440,0
20140307 012949283,0.879150,0.879450,0
20140307 013002003,0.879170,0.879470,0
20140307 013004067,0.879150,0.879450,0
20140307 013004753,0.879170,0.879470,0
20140307 013006470,0.879160,0.879460,0
20140307 013009220,0.879150,0.879450,0
20140307 013029160,0.879160,0.879460,0
20140307 013029503,0.879180,0.879480,0
20140307 013029830,0.879220,0.879520,0
20140307 013030190,0.879230,0.879530,0
20140307 013030533,0.879220,0.879520,0
20140307 013050817,0.879230,0.879530,0
20140307 013051160,0.879250,0.879550,0
20140307 013051503,0.879240,0.879540,0
20140307 013053207,0.879230,0.879530,0
20140307 013054253,0.879240,0.879540,0
20140307 013057690,0.879220,0.879520,0
20140307 013058377,0.879240,0.879540,0
20140307 013059050,0.879230,0.879530,0
20140307 013059410,0.879240,0.879540,0
20140307 013103877,0.879230,0.879530,0
20140307 013105237,0.879220,0.879520,0
20140307 013112457,0.879210,0.879510,0
20140307 013118643,0.879200,0.879500,0
20140307 013118987,0.879180,0.879480,0
20140307 013119347,0.879160,0.879460,0
20140307 013134817,0.879180,0.879480,0
20140307 013135143,0.879170,0.879470,0
20140307 013138940,0.879180,0.879480,0
20140307 013149580,0.879170,0.879470,0
20140307 013159893,0.879160,0.879460,0
20140307 013229813,0.879140,0.879440,0
20140307 013230143,0.879150,0.879450,0
20140307 013230487,0.879140,0.879440,0
20140307 013235643,0.879160,0.879460,0
20140307 013235987,0.879140,0.879440,0
20140307 013240457,0.879150,0.879450,0
20140307 013241830,0.879160,0.879460,0
20140307 013242173,0.879150,0.879450,0
20140307 013242533,0.879160,0.879460,0
20140307 013242860,0.879150,0.879450,0
20140307 013243550,0.879160,0.879460,0
20140307 013243893,0.879140,0.879440,0
20140307 013244237,0.879150,0.879450,0
20140307 013244580,0.879140,0.879440,0
20140307 013249393,0.879150,0.879450,0
20140307 013251457,0.879140,0.879440,0
20140307 013252143,0.879150,0.879450,0
20140307 013252487,0.879140,0.879440,0
20140307 013253533,0.879150,0.879450,0
20140307 013256267,0.879140,0.879440,0
20140307 013301080,0.879150,0.879450,0
20140307 013301423,0.879140,0.879440,0
20140307 013302797,0.879150,0.879450,0
20140307 013303143,0.879140,0.879440,0
20140307 013303830,0.879150,0.879450,0
20140307 013310707,0.879140,0.879440,0
20140307 013311393,0.879150,0.879450,0
20140307 013313110,0.879140,0.879440,0
20140307 013325847,0.879130,0.879430,0
20140307 013328250,0.879120,0.879420,0
20140307 013333750,0.879110,0.879410,0
20140307 013341657,0.879100,0.879400,0
20140307 013342000,0.879110,0.879410,0
20140307 013346830,0.879100,0.879400,0
20140307 013347157,0.879090,0.879390,0
20140307 013347500,0.879100,0.879400,0
20140307 013347847,0.879090,0.879390,0
20140307 013348173,0.879100,0.879400,0
20140307 013349220,0.879090,0.879390,0
20140307 013408813,0.879130,0.879430,0
20140307 013409143,0.879120,0.879420,0
20140307 013413970,0.879130,0.879430,0
20140307 013418783,0.879120,0.879420,0
20140307 013420143,0.879110,0.879410,0
20140307 013432877,0.879100,0.879400,0
20140307 013439407,0.879110,0.879410,0
20140307 013521000,0.879120,0.879420,0
20140307 013528547,0.879130,0.879430,0
20140307 013528907,0.879120,0.879420,0
20140307 013529937,0.879130,0.879430,0
20140307 013536470,0.879120,0.879420,0
20140307 013537157,0.879130,0.879430,0
20140307 013539220,0.879120,0.879420,0
20140307 013542313,0.879130,0.879430,0
20140307 013544033,0.879120,0.879420,0
20140307 013550563,0.879130,0.879430,0
20140307 013551250,0.879120,0.879420,0
20140307 013556750,0.879130,0.879430,0
20140307 013557093,0.879120,0.879420,0
20140307 013557437,0.879130,0.879430,0
20140307 013558110,0.879120,0.879420,0
20140307 013558813,0.879110,0.879410,0
20140307 013559157,0.879120,0.879420,0
20140307 013617377,0.879140,0.879440,0
20140307 013618063,0.879150,0.879450,0
20140307 013622533,0.879140,0.879440,0
20140307 013625610,0.879150,0.879450,0
20140307 013627000,0.879140,0.879440,0
20140307 013628033,0.879150,0.879450,0
20140307 013638000,0.879140,0.879440,0
20140307 013638673,0.879150,0.879450,0
20140307 013653813,0.879180,0.879480,0
20140307 013654157,0.879240,0.879540,0
20140307 013654483,0.879210,0.879510,0
20140307 013655187,0.879200,0.879500,0
20140307 013656923,0.879220,0.879520,0
20140307 013657250,0.879180,0.879480,0
20140307 013712030,0.879150,0.879450,0
20140307 013712377,0.879140,0.879440,0
20140307 013718220,0.879150,0.879450,0
20140307 013718547,0.879130,0.879430,0
20140307 013729220,0.879120,0.879420,0
20140307 013729890,0.879110,0.879410,0
20140307 013731267,0.879080,0.879380,0
20140307 013732640,0.879070,0.879370,0
20140307 013808063,0.879060,0.879360,0
20140307 013848280,0.879070,0.879370,0
20140307 013907530,0.879080,0.879380,0
20140307 013924030,0.879090,0.879390,0
20140307 013925750,0.879080,0.879380,0
20140307 013936047,0.879090,0.879390,0
20140307 013936407,0.879080,0.879380,0
20140307 013955640,0.879090,0.879390,0
20140307 013956000,0.879100,0.879400,0
20140307 013957373,0.879110,0.879410,0
20140307 013957717,0.879100,0.879400,0
20140307 013958060,0.879110,0.879410,0
20140307 014016640,0.879120,0.879420,0
20140307 014026233,0.879130,0.879430,0
20140307 014034483,0.879140,0.879440,0
20140307 014034827,0.879130,0.879430,0
20140307 014035857,0.879140,0.879440,0
20140307 014037920,0.879170,0.879470,0
20140307 014038607,0.879160,0.879460,0
20140307 014038953,0.879150,0.879450,0
20140307 014041703,0.879140,0.879440,0
20140307 014044107,0.879130,0.879430,0
20140307 014048577,0.879120,0.879420,0
20140307 014058890,0.879130,0.879430,0
20140307 014059233,0.879120,0.879420,0
20140307 014100607,0.879130,0.879430,0
20140307 014104390,0.879120,0.879420,0
20140307 014104733,0.879110,0.879410,0
20140307 014106453,0.879120,0.879420,0
20140307 014109890,0.879110,0.879410,0
20140307 014113670,0.879120,0.879420,0
20140307 014117797,0.879110,0.879410,0
20140307 014138077,0.879120,0.879420,0
20140307 014147013,0.879110,0.879410,0
20140307 014150467,0.879120,0.879420,0
20140307 014151140,0.879110,0.879410,0
20140307 014153560,0.879100,0.879400,0
20140307 014153903,0.879090,0.879390,0
20140307 014154247,0.879100,0.879400,0
20140307 014154593,0.879110,0.879410,0
20140307 014154937,0.879060,0.879360,0
20140307 014215217,0.879050,0.879350,0
20140307 014215560,0.879040,0.879340,0
20140307 014222780,0.879020,0.879320,0
20140307 014223123,0.878990,0.879290,0
20140307 014223467,0.878980,0.879280,0
20140307 014225873,0.878990,0.879290,0
20140307 014227593,0.878980,0.879280,0
20140307 014228640,0.878970,0.879270,0
20140307 014228967,0.878950,0.879250,0
20140307 014229310,0.878960,0.879260,0
20140307 014240310,0.878950,0.879250,0
20140307 014241343,0.878940,0.879240,0
20140307 014241687,0.878930,0.879230,0
20140307 014242030,0.878940,0.879240,0
20140307 014254060,0.878930,0.879230,0
20140307 014254403,0.878920,0.879220,0
20140307 014254747,0.878900,0.879200,0
20140307 014255107,0.878800,0.879100,0
20140307 014255450,0.878760,0.879060,0
20140307 014255780,0.878700,0.879000,0
20140307 014256123,0.878680,0.878980,0
20140307 014256810,0.878690,0.878990,0
20140307 014257497,0.878700,0.879000,0
20140307 014300590,0.878710,0.879010,0
20140307 014308827,0.878720,0.879020,0
20140307 014310217,0.878740,0.879040,0
20140307 014310560,0.878750,0.879050,0
20140307 014324310,0.878760,0.879060,0
20140307 014324653,0.878770,0.879070,0
20140307 014324997,0.878760,0.879060,0
20140307 014327747,0.878750,0.879050,0
20140307 014330153,0.878760,0.879060,0
20140307 014330497,0.878750,0.879050,0
20140307 014334607,0.878760,0.879060,0
20140307 014334967,0.878750,0.879050,0
20140307 014339437,0.878760,0.879060,0
20140307 014342873,0.878750,0.879050,0
20140307 014343217,0.878770,0.879070,0
20140307 014346997,0.878800,0.879100,0
20140307 014359717,0.878780,0.879080,0
20140307 014402450,0.878790,0.879090,0
20140307 014402810,0.878780,0.879080,0
20140307 014404873,0.878770,0.879070,0
20140307 014405217,0.878780,0.879080,0
20140307 014410717,0.878770,0.879070,0
20140307 014411060,0.878760,0.879060,0
20140307 014412090,0.878770,0.879070,0
20140307 014429967,0.878760,0.879060,0
20140307 014437873,0.878750,0.879050,0
20140307 014438903,0.878780,0.879080,0
20140307 014440263,0.878770,0.879070,0
20140307 014440950,0.878780,0.879080,0
20140307 014444387,0.878790,0.879090,0
20140307 014445077,0.878780,0.879080,0
20140307 014445420,0.878790,0.879090,0
20140307 014445763,0.878770,0.879070,0
20140307 014449887,0.878760,0.879060,0
20140307 014450230,0.878770,0.879070,0
20140307 014453670,0.878780,0.879080,0
20140307 014455730,0.878810,0.879110,0
20140307 014456420,0.878830,0.879130,0
20140307 014457123,0.878770,0.879070,0
20140307 014457450,0.878800,0.879100,0
20140307 014458137,0.878810,0.879110,0
20140307 014502950,0.878820,0.879120,0
20140307 014504327,0.878830,0.879130,0
20140307 014505013,0.878820,0.879120,0
20140307 014505700,0.878800,0.879100,0
20140307 014507077,0.878830,0.879130,0
20140307 014513623,0.878840,0.879140,0
20140307 014514653,0.878850,0.879150,0
20140307 014517403,0.878840,0.879140,0
20140307 014518090,0.878850,0.879150,0
20140307 014518433,0.878880,0.879180,0
20140307 014518777,0.878890,0.879190,0
20140307 014519123,0.878900,0.879200,0
20140307 014520153,0.878890,0.879190,0
20140307 014520497,0.878880,0.879180,0
20140307 014525653,0.878870,0.879170,0
20140307 014529433,0.878880,0.879180,0
20140307 014530467,0.878890,0.879190,0
20140307 014531497,0.878900,0.879200,0
20140307 014609653,0.878910,0.879210,0
20140307 014624777,0.878900,0.879200,0
20140307 014629933,0.878910,0.879210,0
20140307 014630607,0.878900,0.879200,0
20140307 014632683,0.878920,0.879220,0
20140307 014633027,0.878910,0.879210,0
20140307 014633717,0.878900,0.879200,0
20140307 014647810,0.878890,0.879190,0
20140307 014648153,0.878870,0.879170,0
20140307 014651230,0.878860,0.879160,0
20140307 014651590,0.878850,0.879150,0
20140307 014657090,0.878860,0.879160,0
20140307 014730090,0.878850,0.879150,0
20140307 014731120,0.878860,0.879160,0
20140307 014732823,0.878850,0.879150,0
20140307 014739013,0.878860,0.879160,0
20140307 014819917,0.878850,0.879150,0
20140307 014820260,0.878830,0.879130,0
20140307 014820620,0.878820,0.879120,0
20140307 014820963,0.878780,0.879080,0
20140307 014821293,0.878800,0.879100,0
20140307 014838137,0.878790,0.879090,0
20140307 014838480,0.878780,0.879080,0
20140307 014838823,0.878800,0.879100,0
20140307 014839167,0.878790,0.879090,0
20140307 014843293,0.878800,0.879100,0
20140307 014845700,0.878790,0.879090,0
20140307 014846747,0.878800,0.879100,0
20140307 014847090,0.878760,0.879060,0
20140307 014847417,0.878770,0.879070,0
20140307 014847760,0.878740,0.879040,0
20140307 014848107,0.878760,0.879060,0
20140307 014848807,0.878740,0.879040,0
20140307 014849137,0.878750,0.879050,0
20140307 014852917,0.878760,0.879060,0
20140307 014853260,0.878770,0.879070,0
20140307 014853620,0.878750,0.879050,0
20140307 014854980,0.878740,0.879040,0
20140307 014855323,0.878750,0.879050,0
20140307 014855667,0.878700,0.879000,0
20140307 014858073,0.878690,0.878990,0
20140307 014859107,0.878680,0.878980,0
20140307 014908730,0.878690,0.878990,0
20140307 014911480,0.878700,0.879000,0
20140307 014911840,0.878710,0.879010,0
20140307 014915607,0.878700,0.879000,0
20140307 014916637,0.878710,0.879010,0
20140307 014918697,0.878700,0.879000,0
20140307 014919730,0.878710,0.879010,0
20140307 014920073,0.878720,0.879020,0
20140307 014920417,0.878710,0.879010,0
20140307 014920760,0.878720,0.879020,0
20140307 014921107,0.878710,0.879010,0
20140307 014929010,0.878730,0.879030,0
20140307 014929357,0.878700,0.879000,0
20140307 014930043,0.878710,0.879010,0
20140307 014936917,0.878720,0.879020,0
20140307 014941387,0.878710,0.879010,0
20140307 014941730,0.878690,0.878990,0
20140307 014942073,0.878670,0.878970,0
20140307 014942417,0.878660,0.878960,0
20140307 014947917,0.878650,0.878950,0
20140307 014948260,0.878660,0.878960,0
20140307 014950667,0.878650,0.878950,0
20140307 015018167,0.878660,0.878960,0
20140307 015032603,0.878650,0.878950,0
20140307 015032947,0.878630,0.878930,0
20140307 015047043,0.878650,0.878950,0
20140307 015047387,0.878640,0.878940,0
20140307 015048073,0.878630,0.878930,0
20140307 015051167,0.878650,0.878950,0
20140307 015053587,0.878640,0.878940,0
20140307 015056323,0.878650,0.878950,0
20140307 015103197,0.878630,0.878930,0
20140307 015103543,0.878590,0.878890,0
20140307 015103887,0.878630,0.878930,0
20140307 015105947,0.878620,0.878920,0
20140307 015106307,0.878630,0.878930,0
20140307 015106980,0.878620,0.878920,0
20140307 015107323,0.878630,0.878930,0
20140307 015107667,0.878620,0.878920,0
20140307 015108010,0.878640,0.878940,0
20140307 015108353,0.878630,0.878930,0
20140307 015108697,0.878610,0.878910,0
20140307 015109040,0.878620,0.878920,0
20140307 015110417,0.878630,0.878930,0
20140307 015110760,0.878620,0.878920,0
20140307 015111103,0.878630,0.878930,0
20140307 015111447,0.878620,0.878920,0
20140307 015111807,0.878610,0.878910,0
20140307 015112480,0.878600,0.878900,0
20140307 015112823,0.878580,0.878880,0
20140307 015133103,0.878590,0.878890,0
20140307 015152697,0.878610,0.878910,0
20140307 015153057,0.878600,0.878900,0
20140307 015153730,0.878590,0.878890,0
20140307 015158540,0.878600,0.878900,0
20140307 015158887,0.878590,0.878890,0
20140307 015200260,0.878600,0.878900,0
20140307 015202323,0.878590,0.878890,0
20140307 015202667,0.878600,0.878900,0
20140307 015222620,0.878620,0.878920,0
20140307 015227433,0.878650,0.878950,0
20140307 015227777,0.878670,0.878970,0
20140307 015230167,0.878640,0.878940,0
20140307 015230853,0.878650,0.878950,0
20140307 015236697,0.878670,0.878970,0
20140307 015245993,0.878640,0.878940,0
20140307 015251137,0.878650,0.878950,0
20140307 015252510,0.878670,0.878970,0
20140307 015253887,0.878680,0.878980,0
20140307 015254227,0.878670,0.878970,0
20140307 015255603,0.878680,0.878980,0
20140307 015255947,0.878670,0.878970,0
20140307 015301120,0.878680,0.878980,0
20140307 015302493,0.878670,0.878970,0
20140307 015305243,0.878680,0.878980,0
20140307 015306277,0.878670,0.878970,0
20140307 015319680,0.878660,0.878960,0
20140307 015320370,0.878680,0.878980,0
20140307 015320713,0.878690,0.878990,0
20140307 015321743,0.878680,0.878980,0
20140307 015322087,0.878690,0.878990,0
20140307 015322777,0.878680,0.878980,0
20140307 015323463,0.878690,0.878990,0
20140307 015324150,0.878680,0.878980,0
20140307 015327573,0.878670,0.878970,0
20140307 015327930,0.878680,0.878980,0
20140307 015330337,0.878690,0.878990,0
20140307 015400243,0.878680,0.878980,0
20140307 015404027,0.878690,0.878990,0
20140307 015404353,0.878700,0.879000,0
20140307 015405040,0.878710,0.879010,0
20140307 015406087,0.878690,0.878990,0
20140307 015410900,0.878700,0.879000,0
20140307 015411930,0.878690,0.878990,0
20140307 015412963,0.878700,0.879000,0
20140307 015415010,0.878690,0.878990,0
20140307 015416057,0.878700,0.879000,0
20140307 015418117,0.878690,0.878990,0
20140307 015418463,0.878700,0.879000,0
20140307 015426383,0.878730,0.879030,0
20140307 015428430,0.878720,0.879020,0
20140307 015434277,0.878710,0.879010,0
20140307 015435650,0.878720,0.879020,0
20140307 015442527,0.878740,0.879040,0
20140307 015505213,0.878750,0.879050,0
20140307 015505557,0.878740,0.879040,0
20140307 015506227,0.878730,0.879030,0
20140307 015525493,0.878720,0.879020,0
20140307 015525837,0.878710,0.879010,0
20140307 015526167,0.878730,0.879030,0
20140307 015526510,0.878710,0.879010,0
20140307 015529603,0.878700,0.879000,0
20140307 015529947,0.878710,0.879010,0
20140307 015543007,0.878720,0.879020,0
20140307 015557103,0.878710,0.879010,0
20140307 015611197,0.878720,0.879020,0
20140307 015612227,0.878710,0.879010,0
20140307 015613947,0.878730,0.879030,0
20140307 015618070,0.878720,0.879020,0
20140307 015628727,0.878710,0.879010,0
20140307 015629413,0.878720,0.879020,0
20140307 015634227,0.878730,0.879030,0
20140307 015634587,0.878740,0.879040,0
20140307 015634913,0.878730,0.879030,0
20140307 015635603,0.878740,0.879040,0
20140307 015636290,0.878750,0.879050,0
20140307 015639757,0.878760,0.879060,0
20140307 015640070,0.878780,0.879080,0
20140307 015640413,0.878770,0.879070,0
20140307 015640757,0.878780,0.879080,0
20140307 015641103,0.878770,0.879070,0
20140307 015641447,0.878780,0.879080,0
20140307 015642133,0.878770,0.879070,0
20140307 015642477,0.878790,0.879090,0
20140307 015642820,0.878830,0.879130,0
20140307 015656243,0.878820,0.879120,0
20140307 015701057,0.878830,0.879130,0
20140307 015708960,0.878820,0.879120,0
20140307 015718913,0.878810,0.879110,0
20140307 015720647,0.878820,0.879120,0
20140307 015721680,0.878830,0.879130,0
20140307 015733353,0.878870,0.879170,0
20140307 015734383,0.878850,0.879150,0
20140307 015734743,0.878840,0.879140,0
20140307 015739897,0.878850,0.879150,0
20140307 015740227,0.878840,0.879140,0
20140307 015740587,0.878850,0.879150,0
20140307 015742633,0.878860,0.879160,0
20140307 015809460,0.878890,0.879190,0
20140307 015810133,0.878900,0.879200,0
20140307 015810493,0.878910,0.879210,0
20140307 015811867,0.878920,0.879220,0
20140307 015818743,0.878910,0.879210,0
20140307 015822507,0.878920,0.879220,0
20140307 015823197,0.878930,0.879230,0
20140307 015839023,0.878920,0.879220,0
20140307 015840040,0.878930,0.879230,0
20140307 015842460,0.878940,0.879240,0
20140307 015856210,0.878920,0.879220,0
20140307 015856897,0.878930,0.879230,0
20140307 015900680,0.878920,0.879220,0
20140307 015901007,0.878930,0.879230,0
20140307 015902743,0.878920,0.879220,0
20140307 015903570,0.878930,0.879230,0
20140307 015903773,0.878920,0.879220,0
20140307 015905507,0.878880,0.879180,0
20140307 015906523,0.878870,0.879170,0
20140307 015906867,0.878880,0.879180,0
20140307 015912007,0.878870,0.879170,0
20140307 015921633,0.878900,0.879200,0
20140307 015922320,0.878910,0.879210,0
20140307 015923710,0.878920,0.879220,0
20140307 015925070,0.878910,0.879210,0
20140307 015928850,0.878920,0.879220,0
20140307 015929210,0.878910,0.879210,0
20140307 015930570,0.878920,0.879220,0
20140307 015931600,0.878880,0.879180,0
20140307 015931960,0.878900,0.879200,0
20140307 015933663,0.878910,0.879210,0
20140307 015935037,0.878900,0.879200,0
20140307 015935727,0.878910,0.879210,0
20140307 015937100,0.878920,0.879220,0
20140307 015939507,0.878910,0.879210,0
20140307 015939850,0.878920,0.879220,0
20140307 015940193,0.878930,0.879230,0
20140307 015941913,0.878920,0.879220,0
20140307 015945350,0.878910,0.879210,0
20140307 015947087,0.878920,0.879220,0
20140307 015954977,0.878910,0.879210,0
20140307 015956007,0.878920,0.879220,0
20140307 015956367,0.878910,0.879210,0
20140307 020002210,0.878900,0.879200,0
20140307 020003587,0.878910,0.879210,0
20140307 020004273,0.878900,0.879200,0
20140307 020005633,0.878930,0.879230,0
20140307 020005990,0.878940,0.879240,0
20140307 020006337,0.878930,0.879230,0
20140307 020006680,0.878910,0.879210,0
20140307 020010477,0.878930,0.879230,0
20140307 020014570,0.878900,0.879200,0
20140307 020015273,0.878890,0.879190,0
20140307 020016990,0.878900,0.879200,0
20140307 020020787,0.878890,0.879190,0
20140307 020021803,0.878870,0.879170,0
20140307 020023193,0.878880,0.879180,0
20140307 020023537,0.878870,0.879170,0
20140307 020024883,0.878860,0.879160,0
20140307 020025240,0.878870,0.879170,0
20140307 020025587,0.878860,0.879160,0
20140307 020025913,0.878850,0.879150,0
20140307 020026257,0.878840,0.879140,0
20140307 020026960,0.878870,0.879170,0
20140307 020027303,0.878860,0.879160,0
20140307 020028337,0.878850,0.879150,0
20140307 020028680,0.878870,0.879170,0
20140307 020029023,0.878850,0.879150,0
20140307 020029710,0.878840,0.879140,0
20140307 020036570,0.878870,0.879170,0
20140307 020036927,0.878850,0.879150,0
20140307 020051037,0.878820,0.879120,0
20140307 020051383,0.878780,0.879080,0
20140307 020051710,0.878770,0.879070,0
20140307 020052037,0.878760,0.879060,0
20140307 020052727,0.878750,0.879050,0
20140307 020053413,0.878760,0.879060,0
20140307 020053757,0.878770,0.879070,0
20140307 020054100,0.878780,0.879080,0
20140307 020058570,0.878770,0.879070,0
20140307 020101350,0.878800,0.879100,0
20140307 020108537,0.878790,0.879090,0
20140307 020110257,0.878800,0.879100,0
20140307 020117477,0.878770,0.879070,0
20140307 020118163,0.878780,0.879080,0
20140307 020128490,0.878810,0.879110,0
20140307 020128833,0.878860,0.879160,0
20140307 020129163,0.878850,0.879150,0
20140307 020130553,0.878870,0.879170,0
20140307 020130880,0.878900,0.879200,0
20140307 020131227,0.878940,0.879240,0
20140307 020131570,0.878960,0.879260,0
20140307 020131913,0.878980,0.879280,0
20140307 020146727,0.879000,0.879300,0
20140307 020147070,0.879010,0.879310,0
20140307 020147413,0.879060,0.879360,0
20140307 020152210,0.879070,0.879370,0
20140307 020200803,0.879060,0.879360,0
20140307 020201147,0.879070,0.879370,0
20140307 020201490,0.879060,0.879360,0
20140307 020202177,0.879070,0.879370,0
20140307 020202867,0.879060,0.879360,0
20140307 020204943,0.879010,0.879310,0
20140307 020205273,0.878970,0.879270,0
20140307 020205960,0.878960,0.879260,0
20140307 020206303,0.878970,0.879270,0
20140307 020210413,0.878980,0.879280,0
20140307 020211460,0.878990,0.879290,0
20140307 020212490,0.878980,0.879280,0
20140307 020218317,0.878990,0.879290,0
20140307 020219007,0.879000,0.879300,0
20140307 020224850,0.878990,0.879290,0
20140307 020225537,0.879000,0.879300,0
20140307 020225880,0.879010,0.879310,0
20140307 020234130,0.879030,0.879330,0
20140307 020234477,0.879060,0.879360,0
20140307 020234817,0.879070,0.879370,0
20140307 020237567,0.879060,0.879360,0
20140307 020237913,0.879070,0.879370,0
20140307 020240663,0.879060,0.879360,0
20140307 020252350,0.879050,0.879350,0
20140307 020300600,0.879070,0.879370,0
20140307 020302663,0.879060,0.879360,0
20140307 020303007,0.879070,0.879370,0
20140307 020315723,0.879060,0.879360,0
20140307 020318130,0.879070,0.879370,0
20140307 020323630,0.879060,0.879360,0
20140307 020324663,0.879070,0.879370,0
20140307 020329817,0.879060,0.879360,0
20140307 020330163,0.879070,0.879370,0
20140307 020334287,0.879060,0.879360,0
20140307 020342210,0.879040,0.879340,0
20140307 020342553,0.879000,0.879300,0
20140307 020342897,0.878970,0.879270,0
20140307 020343240,0.878940,0.879240,0
20140307 020343553,0.878910,0.879210,0
20140307 020343927,0.878880,0.879180,0
20140307 020403880,0.878900,0.879200,0
20140307 020404193,0.878890,0.879190,0
20140307 020404553,0.878900,0.879200,0
20140307 020413130,0.878890,0.879190,0
20140307 020415193,0.878900,0.879200,0
20140307 020417600,0.878890,0.879190,0
20140307 020420693,0.878900,0.879200,0
20140307 020449910,0.878840,0.879140,0
20140307 020450257,0.878880,0.879180,0
20140307 020450600,0.878900,0.879200,0
20140307 020450957,0.878880,0.879180,0
20140307 020451287,0.878900,0.879200,0
20140307 020451630,0.878910,0.879210,0
20140307 020451973,0.878900,0.879200,0
20140307 020452660,0.878890,0.879190,0
20140307 020455067,0.878870,0.879170,0
20140307 020455427,0.878860,0.879160,0
20140307 020455757,0.878850,0.879150,0
20140307 020456443,0.878870,0.879170,0
20140307 020456787,0.878850,0.879150,0
20140307 020457473,0.878810,0.879110,0
20140307 020457817,0.878790,0.879090,0
20140307 020458160,0.878800,0.879100,0
20140307 020458520,0.878810,0.879110,0
20140307 020459193,0.878830,0.879130,0
20140307 020459537,0.878820,0.879120,0
20140307 020459880,0.878830,0.879130,0
20140307 020500223,0.878820,0.879120,0
20140307 020501600,0.878830,0.879130,0
20140307 020508130,0.878820,0.879120,0
20140307 020516037,0.878830,0.879130,0
20140307 020533567,0.878840,0.879140,0
20140307 020533910,0.878850,0.879150,0
20140307 020534257,0.878870,0.879170,0
20140307 020544567,0.878880,0.879180,0
20140307 020545597,0.878870,0.879170,0
20140307 020545943,0.878880,0.879180,0
20140307 020546630,0.878870,0.879170,0
20140307 020554880,0.878880,0.879180,0
20140307 020555240,0.878870,0.879170,0
20140307 020555583,0.878930,0.879230,0
20140307 020558333,0.878940,0.879240,0
20140307 020602113,0.878950,0.879250,0
20140307 020602457,0.878990,0.879290,0
20140307 020602800,0.879000,0.879300,0
20140307 020639927,0.878990,0.879290,0
20140307 020640613,0.879000,0.879300,0
20140307 020649207,0.879020,0.879320,0
20140307 020651957,0.879010,0.879310,0
20140307 020652300,0.879020,0.879320,0
20140307 020656067,0.879010,0.879310,0
20140307 020657457,0.879020,0.879320,0
20140307 020708800,0.878990,0.879290,0
20140307 020715660,0.878980,0.879280,0
20140307 020716020,0.879000,0.879300,0
20140307 020716347,0.879010,0.879310,0
20140307 020716693,0.879000,0.879300,0
20140307 020717397,0.878990,0.879290,0
20140307 020717723,0.879000,0.879300,0
20140307 020718770,0.879010,0.879310,0
20140307 020729787,0.879020,0.879320,0
20140307 020730457,0.879070,0.879370,0
20140307 020730800,0.879060,0.879360,0
20140307 020731147,0.879070,0.879370,0
20140307 020732863,0.879060,0.879360,0
20140307 020734583,0.879070,0.879370,0
20140307 020741113,0.879060,0.879360,0
20140307 020743177,0.879070,0.879370,0
20140307 020743520,0.879060,0.879360,0
20140307 020800347,0.879040,0.879340,0
20140307 020818910,0.879050,0.879350,0
20140307 020819613,0.879040,0.879340,0
20140307 020831987,0.879010,0.879310,0
20140307 020834737,0.878990,0.879290,0
20140307 020838177,0.879000,0.879300,0
20140307 020848127,0.879070,0.879370,0
20140307 020851237,0.879050,0.879350,0
20140307 020851583,0.879040,0.879340,0
20140307 020856050,0.879050,0.879350,0
20140307 020901207,0.879040,0.879340,0
20140307 020901537,0.879010,0.879310,0
20140307 020903627,0.878990,0.879290,0
20140307 020903957,0.878970,0.879270,0
20140307 020904627,0.878980,0.879280,0
20140307 020904973,0.878970,0.879270,0
20140307 020910817,0.878980,0.879280,0
20140307 020912537,0.878990,0.879290,0
20140307 020913567,0.878980,0.879280,0
20140307 020913910,0.878990,0.879290,0
20140307 020916330,0.879000,0.879300,0
20140307 020917690,0.878990,0.879290,0
20140307 020918037,0.879000,0.879300,0
20140307 020921127,0.878990,0.879290,0
20140307 020923877,0.879000,0.879300,0
20140307 020926973,0.878980,0.879280,0
20140307 020927317,0.878990,0.879290,0
20140307 020931440,0.879000,0.879300,0
20140307 020931800,0.878990,0.879290,0
20140307 020941753,0.878980,0.879280,0
20140307 020943473,0.878990,0.879290,0
20140307 020944503,0.879000,0.879300,0
20140307 020946223,0.879010,0.879310,0
20140307 020953097,0.879000,0.879300,0
20140307 020955847,0.879010,0.879310,0
20140307 020957567,0.879000,0.879300,0
20140307 021002723,0.878990,0.879290,0
20140307 021005473,0.878970,0.879270,0
20140307 021006503,0.878950,0.879250,0
20140307 021007207,0.878960,0.879260,0
20140307 021007550,0.878940,0.879240,0
20140307 021013377,0.878930,0.879230,0
20140307 021013723,0.878940,0.879240,0
20140307 021024033,0.878930,0.879230,0
20140307 021024393,0.878900,0.879200,0
20140307 021024723,0.878890,0.879190,0
20140307 021036080,0.878910,0.879210,0
20140307 021036427,0.878930,0.879230,0
20140307 021036753,0.878940,0.879240,0
20140307 021038143,0.878960,0.879260,0
20140307 021038473,0.878990,0.879290,0
20140307 021038817,0.878960,0.879260,0
20140307 021039160,0.878950,0.879250,0
20140307 021039517,0.878970,0.879270,0
20140307 021039847,0.878980,0.879280,0
20140307 021059097,0.878990,0.879290,0
20140307 021100127,0.879000,0.879300,0
20140307 021101160,0.878990,0.879290,0
20140307 021102533,0.879000,0.879300,0
20140307 021116970,0.878990,0.879290,0
20140307 021119737,0.879000,0.879300,0
20140307 021120097,0.879010,0.879310,0
20140307 021120440,0.879070,0.879370,0
20140307 021120767,0.879080,0.879380,0
20140307 021121113,0.879070,0.879370,0
20140307 021121817,0.879080,0.879380,0
20140307 021122487,0.879090,0.879390,0
20140307 021123160,0.879100,0.879400,0
20140307 021123847,0.879090,0.879390,0
20140307 021124893,0.879100,0.879400,0
20140307 021127643,0.879090,0.879390,0
20140307 021142080,0.879080,0.879380,0
20140307 021142423,0.879090,0.879390,0
20140307 021143800,0.879080,0.879380,0
20140307 021144487,0.879090,0.879390,0
20140307 021145173,0.879080,0.879380,0
20140307 021203737,0.879070,0.879370,0
20140307 021204080,0.879060,0.879360,0
20140307 021206817,0.879040,0.879340,0
20140307 021207157,0.879050,0.879350,0
20140307 021211970,0.879060,0.879360,0
20140307 021215067,0.879070,0.879370,0
20140307 021216800,0.879060,0.879360,0
20140307 021218517,0.879070,0.879370,0
20140307 021218847,0.879060,0.879360,0
20140307 021219533,0.879070,0.879370,0
20140307 021220907,0.879050,0.879350,0
20140307 021221253,0.879060,0.879360,0
20140307 021222970,0.879050,0.879350,0
20140307 021227440,0.879060,0.879360,0
20140307 021245657,0.879050,0.879350,0
20140307 021246017,0.879040,0.879340,0
20140307 021246347,0.879020,0.879320,0
20140307 021246690,0.879010,0.879310,0
20140307 021252877,0.879030,0.879330,0
20140307 021253220,0.879020,0.879320,0
20140307 021258033,0.879010,0.879310,0
20140307 021301470,0.879020,0.879320,0
20140307 021307657,0.879040,0.879340,0
20140307 021311097,0.879030,0.879330,0
20140307 021319017,0.879040,0.879340,0
20140307 021319347,0.879060,0.879360,0
20140307 021320050,0.879070,0.879370,0
20140307 021323470,0.879080,0.879380,0
20140307 021326220,0.879070,0.879370,0
20140307 021326563,0.879080,0.879380,0
20140307 021328627,0.879070,0.879370,0
20140307 021328970,0.879080,0.879380,0
20140307 021332423,0.879090,0.879390,0
20140307 021333783,0.879080,0.879380,0
20140307 021334127,0.879090,0.879390,0
20140307 021334487,0.879080,0.879380,0
20140307 021358877,0.879090,0.879390,0
20140307 021359563,0.879080,0.879380,0
20140307 021400250,0.879060,0.879360,0
20140307 021421237,0.879050,0.879350,0
20140307 021421580,0.879040,0.879340,0
20140307 021422267,0.879050,0.879350,0
20140307 021422610,0.879040,0.879340,0
20140307 021423627,0.879050,0.879350,0
20140307 021426047,0.879040,0.879340,0
20140307 021429830,0.879070,0.879370,0
20140307 021438423,0.879060,0.879360,0
20140307 021440143,0.879070,0.879370,0
20140307 021443237,0.879060,0.879360,0
20140307 021447690,0.879040,0.879340,0
20140307 021448047,0.879050,0.879350,0
20140307 021448377,0.879040,0.879340,0
20140307 021450097,0.879070,0.879370,0
20140307 021450440,0.879060,0.879360,0
20140307 021455953,0.879030,0.879330,0
20140307 021500440,0.879040,0.879340,0
20140307 021500767,0.879020,0.879320,0
20140307 021501110,0.879030,0.879330,0
20140307 021502143,0.879060,0.879360,0
20140307 021523437,0.879050,0.879350,0
20140307 021523563,0.879040,0.879340,0
20140307 021523797,0.879020,0.879320,0
20140307 021524143,0.879070,0.879370,0
20140307 021528250,0.879080,0.879380,0
20140307 021528597,0.879090,0.879390,0
20140307 021531000,0.879080,0.879380,0
20140307 021534127,0.879090,0.879390,0
20140307 021534797,0.879080,0.879380,0
20140307 021537533,0.879090,0.879390,0
20140307 021539953,0.879080,0.879380,0
20140307 021601953,0.879030,0.879330,0
20140307 021602297,0.879010,0.879310,0
20140307 021607453,0.879020,0.879320,0
20140307 021607797,0.879030,0.879330,0
20140307 021608140,0.879040,0.879340,0
20140307 021608487,0.879070,0.879370,0
20140307 021620860,0.879060,0.879360,0
20140307 021631173,0.879040,0.879340,0
20140307 021631517,0.879030,0.879330,0
20140307 021632203,0.879020,0.879320,0
20140307 021638737,0.879030,0.879330,0
20140307 021639767,0.879040,0.879340,0
20140307 021641830,0.879080,0.879380,0
20140307 021642173,0.879090,0.879390,0
20140307 021642843,0.879100,0.879400,0
20140307 021643203,0.879090,0.879390,0
20140307 021643547,0.879100,0.879400,0
20140307 021643890,0.879090,0.879390,0
20140307 021651797,0.879100,0.879400,0
20140307 021659343,0.879090,0.879390,0
20140307 021707937,0.879100,0.879400,0
20140307 021708283,0.879090,0.879390,0
20140307 021708627,0.879100,0.879400,0
20140307 021713437,0.879110,0.879410,0
20140307 021713780,0.879120,0.879420,0
20140307 021714127,0.879110,0.879410,0
20140307 021714813,0.879120,0.879420,0
20140307 021715843,0.879130,0.879430,0
20140307 021732687,0.879140,0.879440,0
20140307 021744390,0.879130,0.879430,0
20140307 021758813,0.879140,0.879440,0
20140307 021800547,0.879130,0.879430,0
20140307 021802953,0.879140,0.879440,0
20140307 021805000,0.879150,0.879450,0
20140307 021805343,0.879140,0.879440,0
20140307 021806047,0.879130,0.879430,0
20140307 021807063,0.879120,0.879420,0
20140307 021812233,0.879110,0.879410,0
20140307 021812577,0.879100,0.879400,0
20140307 021812923,0.879090,0.879390,0
20140307 021813250,0.879110,0.879410,0
20140307 021813610,0.879100,0.879400,0
20140307 021813953,0.879110,0.879410,0
20140307 021814640,0.879100,0.879400,0
20140307 021821860,0.879110,0.879410,0
20140307 021823250,0.879130,0.879430,0
20140307 021834217,0.879120,0.879420,0
20140307 021854843,0.879110,0.879410,0
20140307 021902407,0.879100,0.879400,0
20140307 021902750,0.879090,0.879390,0
20140307 021909280,0.879080,0.879380,0
20140307 021914797,0.879070,0.879370,0
20140307 021915123,0.879040,0.879340,0
20140307 021917187,0.879050,0.879350,0
20140307 021933017,0.879030,0.879330,0
20140307 021935407,0.879020,0.879320,0
20140307 021941937,0.879010,0.879310,0
20140307 021945733,0.878980,0.879280,0
20140307 021946093,0.879000,0.879300,0
20140307 021946750,0.879020,0.879320,0
20140307 021947437,0.879030,0.879330,0
20140307 021947797,0.879050,0.879350,0
20140307 021955360,0.879060,0.879360,0
20140307 021956390,0.879070,0.879370,0
20140307 021956750,0.879100,0.879400,0
20140307 021957063,0.879120,0.879420,0
20140307 021957407,0.879130,0.879430,0
20140307 021958093,0.879120,0.879420,0
20140307 022000157,0.879100,0.879400,0
20140307 022000517,0.879110,0.879410,0
20140307 022021483,0.879120,0.879420,0
20140307 022030420,0.879130,0.879430,0
20140307 022031797,0.879120,0.879420,0
20140307 022045187,0.879130,0.879430,0
20140307 022055500,0.879150,0.879450,0
20140307 022055843,0.879120,0.879420,0
20140307 022056217,0.879130,0.879430,0
20140307 022056547,0.879120,0.879420,0
20140307 022057217,0.879130,0.879430,0
20140307 022057577,0.879120,0.879420,0
20140307 022059640,0.879130,0.879430,0
20140307 022059983,0.879140,0.879440,0
20140307 022114407,0.879150,0.879450,0
20140307 022117873,0.879130,0.879430,0
20140307 022130233,0.879120,0.879420,0
20140307 022144327,0.879130,0.879430,0
20140307 022144670,0.879110,0.879410,0
20140307 022151203,0.879120,0.879420,0
20140307 022158420,0.879130,0.879430,0
20140307 022158747,0.879140,0.879440,0
20140307 022200140,0.879130,0.879430,0
20140307 022200483,0.879140,0.879440,0
20140307 022201857,0.879130,0.879430,0
20140307 022210450,0.879120,0.879420,0
20140307 022211827,0.879130,0.879430,0
20140307 022212857,0.879120,0.879420,0
20140307 022214233,0.879130,0.879430,0
20140307 022215950,0.879140,0.879440,0
20140307 022216997,0.879170,0.879470,0
20140307 022217327,0.879160,0.879460,0
20140307 022218373,0.879210,0.879510,0
20140307 022218700,0.879220,0.879520,0
20140307 022235530,0.879210,0.879510,0
20140307 022237593,0.879220,0.879520,0
20140307 022242403,0.879210,0.879510,0
20140307 022243437,0.879220,0.879520,0
20140307 022247217,0.879210,0.879510,0
20140307 022247560,0.879220,0.879520,0
20140307 022252030,0.879210,0.879510,0
20140307 022252390,0.879190,0.879490,0
20140307 022255153,0.879200,0.879500,0
20140307 022258233,0.879190,0.879490,0
20140307 022305107,0.879180,0.879480,0
20140307 022306843,0.879200,0.879500,0
20140307 022307497,0.879220,0.879520,0
20140307 022307857,0.879210,0.879510,0
20140307 022309920,0.879220,0.879520,0
20140307 022321950,0.879210,0.879510,0
20140307 022322297,0.879170,0.879470,0
20140307 022322983,0.879160,0.879460,0
20140307 022323327,0.879140,0.879440,0
20140307 022323670,0.879150,0.879450,0
20140307 022323997,0.879130,0.879430,0
20140307 022325717,0.879080,0.879380,0
20140307 022328827,0.879060,0.879360,0
20140307 022329170,0.879070,0.879370,0
20140307 022337077,0.879080,0.879380,0
20140307 022357340,0.879090,0.879390,0
20140307 022410403,0.879080,0.879380,0
20140307 022410763,0.879090,0.879390,0
20140307 022414887,0.879080,0.879380,0
20140307 022415577,0.879090,0.879390,0
20140307 022416967,0.879080,0.879380,0
20140307 022419357,0.879090,0.879390,0
20140307 022419687,0.879080,0.879380,0
20140307 022422450,0.879050,0.879350,0
20140307 022422793,0.879040,0.879340,0
20140307 022505747,0.879050,0.879350,0
20140307 022520200,0.879070,0.879370,0
20140307 022528450,0.879080,0.879380,0
20140307 022528793,0.879090,0.879390,0
20140307 022529123,0.879080,0.879380,0
20140307 022529827,0.879090,0.879390,0
20140307 022538420,0.879080,0.879380,0
20140307 022539810,0.879090,0.879390,0
20140307 022540137,0.879080,0.879380,0
20140307 022540480,0.879090,0.879390,0
20140307 022547013,0.879080,0.879380,0
20140307 022547340,0.879090,0.879390,0
20140307 022547700,0.879080,0.879380,0
20140307 022549763,0.879090,0.879390,0
20140307 022550450,0.879080,0.879380,0
20140307 022551827,0.879090,0.879390,0
20140307 022552170,0.879080,0.879380,0
20140307 022604183,0.879090,0.879390,0
20140307 022604527,0.879080,0.879380,0
20140307 022609013,0.879090,0.879390,0
20140307 022609340,0.879080,0.879380,0
20140307 022610373,0.879090,0.879390,0
20140307 022610717,0.879080,0.879380,0
20140307 022617247,0.879090,0.879390,0
20140307 022646810,0.879080,0.879380,0
20140307 022647497,0.879090,0.879390,0
20140307 022704357,0.879070,0.879370,0
20140307 022705043,0.879090,0.879390,0
20140307 022708137,0.879060,0.879360,0
20140307 022708827,0.879070,0.879370,0
20140307 022713293,0.879060,0.879360,0
20140307 022713637,0.879040,0.879340,0
20140307 022713967,0.879050,0.879350,0
20140307 022724637,0.879040,0.879340,0
20140307 022725323,0.879050,0.879350,0
20140307 022741480,0.879040,0.879340,0
20140307 022741823,0.879050,0.879350,0
20140307 022743887,0.879070,0.879370,0
20140307 022747667,0.879080,0.879380,0
20140307 022755217,0.879070,0.879370,0
20140307 022805543,0.879080,0.879380,0
20140307 022807263,0.879070,0.879370,0
20140307 022810357,0.879080,0.879380,0
20140307 022817917,0.879070,0.879370,0
20140307 022824450,0.879080,0.879380,0
20140307 022824807,0.879050,0.879350,0
20140307 022825137,0.879060,0.879360,0
20140307 022825823,0.879050,0.879350,0
20140307 022826513,0.879060,0.879360,0
20140307 022826857,0.879050,0.879350,0
20140307 022830980,0.879070,0.879370,0
20140307 022831323,0.879060,0.879360,0
20140307 022831667,0.879050,0.879350,0
20140307 022832357,0.879060,0.879360,0
20140307 022834057,0.879050,0.879350,0
20140307 022851247,0.879060,0.879360,0
20140307 022851607,0.879070,0.879370,0
20140307 022852980,0.879060,0.879360,0
20140307 022854340,0.879070,0.879370,0
20140307 022856073,0.879100,0.879400,0
20140307 022856417,0.879120,0.879420,0
20140307 022856760,0.879140,0.879440,0
20140307 022857107,0.879130,0.879430,0
20140307 022857450,0.879150,0.879450,0
20140307 022858823,0.879130,0.879430,0
20140307 022859167,0.879150,0.879450,0
20140307 022900200,0.879140,0.879440,0
20140307 022900543,0.879120,0.879420,0
20140307 022900887,0.879130,0.879430,0
20140307 022904653,0.879120,0.879420,0
20140307 022905357,0.879110,0.879410,0
20140307 022908793,0.879120,0.879420,0
20140307 022909120,0.879140,0.879440,0
20140307 022909807,0.879130,0.879430,0
20140307 022911543,0.879140,0.879440,0
20140307 022912573,0.879120,0.879420,0
20140307 022912917,0.879070,0.879370,0
20140307 022913607,0.879060,0.879360,0
20140307 022913950,0.879070,0.879370,0
20140307 022914293,0.879080,0.879380,0
20140307 022914637,0.879060,0.879360,0
20140307 022917387,0.879070,0.879370,0
20140307 022917730,0.879100,0.879400,0
20140307 022918073,0.879090,0.879390,0
20140307 022934917,0.879100,0.879400,0
20140307 022936620,0.879090,0.879390,0
20140307 022937683,0.879070,0.879370,0
20140307 022938340,0.879060,0.879360,0
20140307 022938713,0.879070,0.879370,0
20140307 022950713,0.879080,0.879380,0
20140307 023003793,0.879070,0.879370,0
20140307 023007917,0.879080,0.879380,0
20140307 023008260,0.879090,0.879390,0
20140307 023014793,0.879080,0.879380,0
20140307 023018933,0.879060,0.879360,0
20140307 023019277,0.879040,0.879340,0
20140307 023021323,0.879050,0.879350,0
20140307 023022010,0.879070,0.879370,0
20140307 023022357,0.879060,0.879360,0
20140307 023022697,0.879070,0.879370,0
20140307 023024073,0.879060,0.879360,0
20140307 023024417,0.879070,0.879370,0
20140307 023032667,0.879060,0.879360,0
20140307 023034730,0.879040,0.879340,0
20140307 023039543,0.879030,0.879330,0
20140307 023041603,0.879040,0.879340,0
20140307 023113917,0.879030,0.879330,0
20140307 023114260,0.879040,0.879340,0
20140307 023115637,0.879030,0.879330,0
20140307 023116307,0.879040,0.879340,0
20140307 023131433,0.879030,0.879330,0
20140307 023133837,0.879040,0.879340,0
20140307 023135213,0.879030,0.879330,0
20140307 023136587,0.879040,0.879340,0
20140307 023136947,0.879030,0.879330,0
20140307 023137307,0.879040,0.879340,0
20140307 023147620,0.879060,0.879360,0
20140307 023147933,0.879070,0.879370,0
20140307 023152400,0.879080,0.879380,0
20140307 023152777,0.879090,0.879390,0
20140307 023153103,0.879100,0.879400,0
20140307 023153447,0.879110,0.879410,0
20140307 023156213,0.879100,0.879400,0
20140307 023158247,0.879110,0.879410,0
20140307 023204103,0.879100,0.879400,0
20140307 023204463,0.879060,0.879360,0
20140307 023204790,0.879030,0.879330,0
20140307 023210290,0.879040,0.879340,0
20140307 023210637,0.879030,0.879330,0
20140307 023215433,0.879020,0.879320,0
20140307 023234697,0.879030,0.879330,0
20140307 023237103,0.879020,0.879320,0
20140307 023237447,0.879030,0.879330,0
20140307 023242587,0.879020,0.879320,0
20140307 023242947,0.879030,0.879330,0
20140307 023243290,0.879020,0.879320,0
20140307 023244307,0.879030,0.879330,0
20140307 023248103,0.879020,0.879320,0
20140307 023248447,0.879030,0.879330,0
20140307 023250167,0.879020,0.879320,0
20140307 023253277,0.878980,0.879280,0
20140307 023256353,0.878970,0.879270,0
20140307 023256697,0.878950,0.879250,0
20140307 023257057,0.878940,0.879240,0
20140307 023257387,0.878930,0.879230,0
20140307 023257730,0.878940,0.879240,0
20140307 023302540,0.878930,0.879230,0
20140307 023306323,0.878920,0.879220,0
20140307 023306650,0.878910,0.879210,0
20140307 023307337,0.878920,0.879220,0
20140307 023308040,0.878940,0.879240,0
20140307 023308387,0.878920,0.879220,0
20140307 023308713,0.878900,0.879200,0
20140307 023309417,0.878870,0.879170,0
20140307 023309743,0.878860,0.879160,0
20140307 023313197,0.878840,0.879140,0
20140307 023313540,0.878830,0.879130,0
20140307 023313887,0.878820,0.879120,0
20140307 023314227,0.878810,0.879110,0
20140307 023328323,0.878820,0.879120,0
20140307 023328573,0.878840,0.879140,0
20140307 023328993,0.878850,0.879150,0
20140307 023341400,0.878860,0.879160,0
20140307 023341743,0.878890,0.879190,0
20140307 023342073,0.878900,0.879200,0
20140307 023342417,0.878910,0.879210,0
20140307 023355493,0.878900,0.879200,0
20140307 023355823,0.878870,0.879170,0
20140307 023356510,0.878860,0.879160,0
20140307 023400633,0.878850,0.879150,0
20140307 023402370,0.878840,0.879140,0
20140307 023402713,0.878830,0.879130,0
20140307 023403557,0.878820,0.879120,0
20140307 023404760,0.878850,0.879150,0
20140307 023405790,0.878860,0.879160,0
20140307 023406133,0.878870,0.879170,0
20140307 023406477,0.878860,0.879160,0
20140307 023411977,0.878850,0.879150,0
20140307 023412323,0.878860,0.879160,0
20140307 023418510,0.878850,0.879150,0
20140307 023418853,0.878860,0.879160,0
20140307 023419883,0.878850,0.879150,0
20140307 023429853,0.878840,0.879140,0
20140307 023430870,0.878820,0.879120,0
20140307 023438430,0.878840,0.879140,0
20140307 023443930,0.878850,0.879150,0
20140307 023444290,0.878840,0.879140,0
20140307 023454243,0.878850,0.879150,0
20140307 023454603,0.878840,0.879140,0
20140307 023456667,0.878850,0.879150,0
20140307 023457697,0.878840,0.879140,0
20140307 023502167,0.878830,0.879130,0
20140307 023507320,0.878840,0.879140,0
20140307 023512820,0.878830,0.879130,0
20140307 023517977,0.878820,0.879120,0
20140307 023523820,0.878830,0.879130,0
20140307 023533447,0.878820,0.879120,0
20140307 023541353,0.878830,0.879130,0
20140307 023545133,0.878820,0.879120,0
20140307 023545820,0.878830,0.879130,0
20140307 023551667,0.878820,0.879120,0
20140307 023551993,0.878830,0.879130,0
20140307 023556463,0.878840,0.879140,0
20140307 023556807,0.878830,0.879130,0
20140307 023557167,0.878840,0.879140,0
20140307 023557493,0.878820,0.879120,0
20140307 023603367,0.878840,0.879140,0
20140307 023618820,0.878830,0.879130,0
20140307 023619867,0.878840,0.879140,0
20140307 023623557,0.878830,0.879130,0
20140307 023625697,0.878840,0.879140,0
20140307 023626713,0.878830,0.879130,0
20140307 023627057,0.878840,0.879140,0
20140307 023628087,0.878830,0.879130,0
20140307 023628430,0.878840,0.879140,0
20140307 023629463,0.878830,0.879130,0
20140307 023630493,0.878840,0.879140,0
20140307 023633930,0.878830,0.879130,0
20140307 023651493,0.878810,0.879110,0
20140307 023651837,0.878800,0.879100,0
20140307 023652507,0.878790,0.879090,0
20140307 023655257,0.878800,0.879100,0
20140307 023655603,0.878790,0.879090,0
20140307 023656977,0.878780,0.879080,0
20140307 023657337,0.878810,0.879110,0
20140307 023657667,0.878800,0.879100,0
20140307 023658007,0.878770,0.879070,0
20140307 023658337,0.878720,0.879020,0
20140307 023658680,0.878710,0.879010,0
20140307 023659023,0.878700,0.879000,0
20140307 023725507,0.878720,0.879020,0
20140307 023729633,0.878710,0.879010,0
20140307 023736163,0.878690,0.878990,0
20140307 023746133,0.878680,0.878980,0
20140307 023750603,0.878670,0.878970,0
20140307 023755757,0.878680,0.878980,0
20140307 023805727,0.878700,0.879000,0
20140307 023806070,0.878690,0.878990,0
20140307 023821197,0.878670,0.878970,0
20140307 023821883,0.878690,0.878990,0
20140307 023822227,0.878720,0.879020,0
20140307 023824290,0.878730,0.879030,0
20140307 023824633,0.878720,0.879020,0
20140307 023827383,0.878730,0.879030,0
20140307 023827727,0.878720,0.879020,0
20140307 023832867,0.878730,0.879030,0
20140307 023845600,0.878750,0.879050,0
20140307 023845930,0.878760,0.879060,0
20140307 023846617,0.878770,0.879070,0
20140307 023846960,0.878760,0.879060,0
20140307 023847993,0.878770,0.879070,0
20140307 023848337,0.878760,0.879060,0
20140307 023851100,0.878770,0.879070,0
20140307 023851447,0.878830,0.879130,0
20140307 023853507,0.878820,0.879120,0
20140307 023853850,0.878830,0.879130,0
20140307 023856600,0.878820,0.879120,0
20140307 023857633,0.878830,0.879130,0
20140307 023903837,0.878850,0.879150,0
20140307 023904180,0.878870,0.879170,0
20140307 023904507,0.878880,0.879180,0
20140307 023905540,0.878860,0.879160,0
20140307 023905883,0.878850,0.879150,0
20140307 023907600,0.878830,0.879130,0
20140307 023907947,0.878820,0.879120,0
20140307 023933040,0.878810,0.879110,0
20140307 023933367,0.878820,0.879120,0
20140307 024001570,0.878840,0.879140,0
20140307 024002257,0.878880,0.879180,0
20140307 024002600,0.878920,0.879220,0
20140307 024002960,0.878930,0.879230,0
20140307 024003303,0.878920,0.879220,0
20140307 024003633,0.878910,0.879210,0
20140307 024006037,0.878890,0.879190,0
20140307 024006397,0.878870,0.879170,0
20140307 024006740,0.878840,0.879140,0
20140307 024011197,0.878860,0.879160,0
20140307 024011537,0.878870,0.879170,0
20140307 024020117,0.878840,0.879140,0
20140307 024024240,0.878810,0.879110,0
20140307 024024587,0.878800,0.879100,0
20140307 024024930,0.878790,0.879090,0
20140307 024029397,0.878780,0.879080,0
20140307 024030787,0.878750,0.879050,0
20140307 024040740,0.878740,0.879040,0
20140307 024043523,0.878710,0.879010,0
20140307 024043850,0.878700,0.879000,0
20140307 024049007,0.878740,0.879040,0
20140307 024051397,0.878730,0.879030,0
20140307 024054850,0.878740,0.879040,0
20140307 024055180,0.878730,0.879030,0
20140307 024058617,0.878680,0.878980,0
20140307 024058960,0.878710,0.879010,0
20140307 024059303,0.878700,0.879000,0
20140307 024105147,0.878710,0.879010,0
20140307 024109617,0.878730,0.879030,0
20140307 024112037,0.878720,0.879020,0
20140307 024112727,0.878700,0.879000,0
20140307 024113397,0.878710,0.879010,0
20140307 024116837,0.878700,0.879000,0
20140307 024117523,0.878710,0.879010,0
20140307 024120960,0.878700,0.879000,0
20140307 024124397,0.878710,0.879010,0
20140307 024127163,0.878700,0.879000,0
20140307 024127507,0.878710,0.879010,0
20140307 024127850,0.878690,0.878990,0
20140307 024131633,0.878680,0.878980,0
20140307 024133350,0.878690,0.878990,0
20140307 024133677,0.878700,0.879000,0
20140307 024134383,0.878710,0.879010,0
20140307 024144023,0.878690,0.878990,0
20140307 024144693,0.878680,0.878980,0
20140307 024145037,0.878690,0.878990,0
20140307 024147443,0.878680,0.878980,0
20140307 024153287,0.878690,0.878990,0
20140307 024153617,0.878680,0.878980,0
20140307 024156023,0.878670,0.878970,0
20140307 024157413,0.878650,0.878950,0
20140307 024157740,0.878660,0.878960,0
20140307 024158100,0.878650,0.878950,0
20140307 024158443,0.878660,0.878960,0
20140307 024201193,0.878670,0.878970,0
20140307 024202227,0.878660,0.878960,0
20140307 024221477,0.878650,0.878950,0
20140307 024229037,0.878660,0.878960,0
20140307 024229710,0.878650,0.878950,0
20140307 024241070,0.878660,0.878960,0
20140307 024247257,0.878650,0.878950,0
20140307 024247943,0.878660,0.878960,0
20140307 024250007,0.878680,0.878980,0
20140307 024250367,0.878720,0.879020,0
20140307 024250677,0.878740,0.879040,0
20140307 024254117,0.878710,0.879010,0
20140307 024254460,0.878700,0.879000,0
20140307 024254803,0.878710,0.879010,0
20140307 024255147,0.878690,0.878990,0
20140307 024256523,0.878680,0.878980,0
20140307 024300303,0.878690,0.878990,0
20140307 024302037,0.878680,0.878980,0
20140307 024307537,0.878670,0.878970,0
20140307 024309583,0.878680,0.878980,0
20140307 024321977,0.878690,0.878990,0
20140307 024325067,0.878680,0.878980,0
20140307 024333303,0.878690,0.878990,0
20140307 024358053,0.878670,0.878970,0
20140307 024403210,0.878660,0.878960,0
20140307 024417317,0.878640,0.878940,0
20140307 024418020,0.878610,0.878910,0
20140307 024418367,0.878600,0.878900,0
20140307 024419037,0.878610,0.878910,0
20140307 024429350,0.878580,0.878880,0
20140307 024429677,0.878590,0.878890,0
20140307 024430380,0.878610,0.878910,0
20140307 024431067,0.878580,0.878880,0
20140307 024433117,0.878590,0.878890,0
20140307 024433473,0.878580,0.878880,0
20140307 024433817,0.878570,0.878870,0
20140307 024434163,0.878540,0.878840,0
20140307 024434507,0.878530,0.878830,0
20140307 024437257,0.878540,0.878840,0
20140307 024442757,0.878510,0.878810,0
20140307 024443117,0.878500,0.878800,0
20140307 024443427,0.878520,0.878820,0
20140307 024443787,0.878530,0.878830,0
20140307 024447567,0.878540,0.878840,0
20140307 024448600,0.878530,0.878830,0
20140307 024449630,0.878510,0.878810,0
20140307 024449957,0.878520,0.878820,0
20140307 024450647,0.878530,0.878830,0
20140307 024503723,0.878520,0.878820,0
20140307 024504067,0.878470,0.878770,0
20140307 024505443,0.878480,0.878780,0
20140307 024507507,0.878470,0.878770,0
20140307 024511630,0.878490,0.878790,0
20140307 024511973,0.878480,0.878780,0
20140307 024512317,0.878500,0.878800,0
20140307 024516787,0.878470,0.878770,0
20140307 024518863,0.878500,0.878800,0
20140307 024519537,0.878490,0.878790,0
20140307 024520567,0.878480,0.878780,0
20140307 024521600,0.878500,0.878800,0
20140307 024521927,0.878510,0.878810,0
20140307 024523660,0.878520,0.878820,0
20140307 024527083,0.878510,0.878810,0
20140307 024528130,0.878500,0.878800,0
20140307 024541880,0.878510,0.878810,0
20140307 024542223,0.878500,0.878800,0
20140307 024546350,0.878510,0.878810,0
20140307 024546693,0.878530,0.878830,0
20140307 024548757,0.878520,0.878820,0
20140307 024549100,0.878530,0.878830,0
20140307 024607333,0.878520,0.878820,0
20140307 024607647,0.878530,0.878830,0
20140307 024608007,0.878520,0.878820,0
20140307 024608707,0.878530,0.878830,0
20140307 024612803,0.878520,0.878820,0
20140307 024613160,0.878510,0.878810,0
20140307 024613507,0.878500,0.878800,0
20140307 024613833,0.878510,0.878810,0
20140307 024626207,0.878520,0.878820,0
20140307 024631020,0.878510,0.878810,0
20140307 024633083,0.878520,0.878820,0
20140307 024634130,0.878530,0.878830,0
20140307 024635507,0.878520,0.878820,0
20140307 024636193,0.878510,0.878810,0
20140307 024637567,0.878500,0.878800,0
20140307 024638257,0.878490,0.878790,0
20140307 024641333,0.878500,0.878800,0
20140307 024642020,0.878490,0.878790,0
20140307 024642380,0.878480,0.878780,0
20140307 024649613,0.878460,0.878760,0
20140307 024649957,0.878470,0.878770,0
20140307 024650647,0.878450,0.878750,0
20140307 024655443,0.878460,0.878760,0
20140307 024657160,0.878450,0.878750,0
20140307 024657503,0.878460,0.878760,0
20140307 024716753,0.878450,0.878750,0
20140307 024719847,0.878460,0.878760,0
20140307 024720193,0.878450,0.878750,0
20140307 024723287,0.878440,0.878740,0
20140307 024723973,0.878450,0.878750,0
20140307 024731897,0.878420,0.878720,0
20140307 024732567,0.878390,0.878690,0
20140307 024734300,0.878380,0.878680,0
20140307 024735333,0.878390,0.878690,0
20140307 024744597,0.878380,0.878680,0
20140307 024748380,0.878390,0.878690,0
20140307 024757317,0.878380,0.878680,0
20140307 024758693,0.878390,0.878690,0
20140307 024801443,0.878380,0.878680,0
20140307 024801787,0.878370,0.878670,0
20140307 024803550,0.878380,0.878680,0
20140307 024804193,0.878390,0.878690,0
20140307 024816910,0.878400,0.878700,0
20140307 024820690,0.878390,0.878690,0
20140307 024821037,0.878400,0.878700,0
20140307 024825160,0.878380,0.878680,0
20140307 024826177,0.878390,0.878690,0
20140307 024826537,0.878380,0.878680,0
20140307 024827223,0.878390,0.878690,0
20140307 024831003,0.878380,0.878680,0
20140307 024832020,0.878390,0.878690,0
20140307 024832380,0.878380,0.878680,0
20140307 024843723,0.878390,0.878690,0
20140307 024853347,0.878370,0.878670,0
20140307 024853677,0.878360,0.878660,0
20140307 024854037,0.878330,0.878630,0
20140307 024854723,0.878320,0.878620,0
20140307 024855067,0.878330,0.878630,0
20140307 024855753,0.878320,0.878620,0
20140307 024857113,0.878310,0.878610,0
20140307 024900223,0.878320,0.878620,0
20140307 024907097,0.878310,0.878610,0
20140307 024920143,0.878300,0.878600,0
20140307 024923253,0.878290,0.878590,0
20140307 024923583,0.878300,0.878600,0
20140307 024936317,0.878340,0.878640,0
20140307 024936660,0.878320,0.878620,0
20140307 024945597,0.878330,0.878630,0
20140307 024948347,0.878320,0.878620,0
20140307 024948550,0.878330,0.878630,0
20140307 024956957,0.878320,0.878620,0
20140307 024957300,0.878290,0.878590,0
20140307 024957627,0.878280,0.878580,0
20140307 025002097,0.878300,0.878600,0
20140307 025005533,0.878290,0.878590,0
20140307 025010347,0.878310,0.878610,0
20140307 025019613,0.878300,0.878600,0
20140307 025034067,0.878310,0.878610,0
20140307 025034410,0.878300,0.878600,0
20140307 025034737,0.878310,0.878610,0
20140307 025035097,0.878300,0.878600,0
20140307 025035440,0.878310,0.878610,0
20140307 025039567,0.878340,0.878640,0
20140307 025039893,0.878330,0.878630,0
20140307 025044377,0.878340,0.878640,0
20140307 025054707,0.878300,0.878600,0
20140307 025055050,0.878310,0.878610,0
20140307 025055707,0.878300,0.878600,0
20140307 025057097,0.878310,0.878610,0
20140307 025057427,0.878300,0.878600,0
20140307 025058487,0.878290,0.878590,0
20140307 025058830,0.878240,0.878540,0
20140307 025100533,0.878230,0.878530,0
20140307 025100863,0.878240,0.878540,0
20140307 025102237,0.878250,0.878550,0
20140307 025102580,0.878240,0.878540,0
20140307 025105003,0.878220,0.878520,0
20140307 025107080,0.878250,0.878550,0
20140307 025107410,0.878240,0.878540,0
20140307 025107753,0.878250,0.878550,0
20140307 025108097,0.878240,0.878540,0
20140307 025108440,0.878230,0.878530,0
20140307 025108800,0.878180,0.878480,0
20140307 025109487,0.878150,0.878450,0
20140307 025109830,0.878130,0.878430,0
20140307 025110177,0.878160,0.878460,0
20140307 025110830,0.878170,0.878470,0
20140307 025111190,0.878150,0.878450,0
20140307 025111877,0.878160,0.878460,0
20140307 025112910,0.878150,0.878450,0
20140307 025113957,0.878130,0.878430,0
20140307 025114300,0.878080,0.878380,0
20140307 025114627,0.878070,0.878370,0
20140307 025115330,0.878020,0.878320,0
20140307 025115677,0.878070,0.878370,0
20140307 025116017,0.878090,0.878390,0
20140307 025119127,0.878140,0.878440,0
20140307 025119457,0.878180,0.878480,0
20140307 025119800,0.878170,0.878470,0
20140307 025120127,0.878160,0.878460,0
20140307 025127347,0.878170,0.878470,0
20140307 025128033,0.878180,0.878480,0
20140307 025128377,0.878160,0.878460,0
20140307 025129080,0.878170,0.878470,0
20140307 025129753,0.878180,0.878480,0
20140307 025130800,0.878220,0.878520,0
20140307 025131470,0.878230,0.878530,0
20140307 025132177,0.878270,0.878570,0
20140307 025132847,0.878260,0.878560,0
20140307 025133550,0.878250,0.878550,0
20140307 025135253,0.878240,0.878540,0
20140307 025135597,0.878250,0.878550,0
20140307 025136627,0.878230,0.878530,0
20140307 025136957,0.878240,0.878540,0
20140307 025137643,0.878230,0.878530,0
20140307 025139050,0.878200,0.878500,0
20140307 025139393,0.878170,0.878470,0
20140307 025139720,0.878160,0.878460,0
20140307 025140067,0.878170,0.878470,0
20140307 025140393,0.878180,0.878480,0
20140307 025141097,0.878190,0.878490,0
20140307 025145910,0.878200,0.878500,0
20140307 025146940,0.878210,0.878510,0
20140307 025149690,0.878220,0.878520,0
20140307 025150377,0.878210,0.878510,0
20140307 025152440,0.878220,0.878520,0
20140307 025153127,0.878210,0.878510,0
20140307 025203440,0.878190,0.878490,0
20140307 025203800,0.878160,0.878460,0
20140307 025204127,0.878170,0.878470,0
20140307 025205143,0.878180,0.878480,0
20140307 025205487,0.878150,0.878450,0
20140307 025207567,0.878090,0.878390,0
20140307 025207893,0.878100,0.878400,0
20140307 025216487,0.878120,0.878420,0
20140307 025216830,0.878140,0.878440,0
20140307 025223017,0.878150,0.878450,0
20140307 025223707,0.878140,0.878440,0
20140307 025225783,0.878130,0.878430,0
20140307 025226113,0.878140,0.878440,0
20140307 025230580,0.878130,0.878430,0
20140307 025230940,0.878140,0.878440,0
20140307 025232300,0.878160,0.878460,0
20140307 025232643,0.878170,0.878470,0
20140307 025233673,0.878180,0.878480,0
20140307 025234017,0.878170,0.878470,0
20140307 025236080,0.878180,0.878480,0
20140307 025236800,0.878190,0.878490,0
20140307 025237127,0.878230,0.878530,0
20140307 025238830,0.878240,0.878540,0
20140307 025239517,0.878230,0.878530,0
20140307 025244690,0.878240,0.878540,0
20140307 025245033,0.878270,0.878570,0
20140307 025245377,0.878310,0.878610,0
20140307 025246050,0.878320,0.878620,0
20140307 025247423,0.878310,0.878610,0
20140307 025247783,0.878320,0.878620,0
20140307 025250517,0.878310,0.878610,0
20140307 025250863,0.878320,0.878620,0
20140307 025251220,0.878280,0.878580,0
20140307 025251550,0.878250,0.878550,0
20140307 025252580,0.878240,0.878540,0
20140307 025252923,0.878250,0.878550,0
20140307 025254300,0.878240,0.878540,0
20140307 025254643,0.878230,0.878530,0
20140307 025258423,0.878240,0.878540,0
20140307 025300487,0.878220,0.878520,0
20140307 025300830,0.878240,0.878540,0
20140307 025310127,0.878220,0.878520,0
20140307 025310470,0.878200,0.878500,0
20140307 025312190,0.878220,0.878520,0
20140307 025312517,0.878230,0.878530,0
20140307 025318377,0.878250,0.878550,0
20140307 025318550,0.878260,0.878560,0
20140307 025318720,0.878270,0.878570,0
20140307 025319737,0.878260,0.878560,0
20140307 025320080,0.878250,0.878550,0
20140307 025322487,0.878180,0.878480,0
20140307 025322830,0.878210,0.878510,0
20140307 025323173,0.878220,0.878520,0
20140307 025325237,0.878210,0.878510,0
20140307 025325923,0.878220,0.878520,0
20140307 025326267,0.878210,0.878510,0
20140307 025328673,0.878200,0.878500,0
20140307 025329017,0.878210,0.878510,0
20140307 025338643,0.878200,0.878500,0
20140307 025338987,0.878210,0.878510,0
20140307 025342440,0.878200,0.878500,0
20140307 025343110,0.878230,0.878530,0
20140307 025343800,0.878240,0.878540,0
20140307 025345517,0.878230,0.878530,0
20140307 025346550,0.878240,0.878540,0
20140307 025346893,0.878250,0.878550,0
20140307 025347923,0.878280,0.878580,0
20140307 025348267,0.878290,0.878590,0
20140307 025348610,0.878300,0.878600,0
20140307 025354110,0.878280,0.878580,0
20140307 025354457,0.878260,0.878560,0
20140307 025356190,0.878300,0.878600,0
20140307 025356517,0.878310,0.878610,0
20140307 025357550,0.878320,0.878620,0
20140307 025357893,0.878330,0.878630,0
20140307 025402017,0.878290,0.878590,0
20140307 025402360,0.878300,0.878600,0
20140307 025404423,0.878310,0.878610,0
20140307 025404783,0.878300,0.878600,0
20140307 025417830,0.878310,0.878610,0
20140307 025419207,0.878300,0.878600,0
20140307 025420237,0.878310,0.878610,0
20140307 025420580,0.878300,0.878600,0
20140307 025420923,0.878310,0.878610,0
20140307 025421267,0.878300,0.878600,0
20140307 025427110,0.878310,0.878610,0
20140307 025427457,0.878300,0.878600,0
20140307 025428143,0.878310,0.878610,0
20140307 025429517,0.878300,0.878600,0
20140307 025430893,0.878310,0.878610,0
20140307 025431237,0.878300,0.878600,0
20140307 025431923,0.878310,0.878610,0
20140307 025432267,0.878300,0.878600,0
20140307 025433297,0.878310,0.878610,0
20140307 025434003,0.878300,0.878600,0
20140307 025445000,0.878310,0.878610,0
20140307 025447737,0.878300,0.878600,0
20140307 025448423,0.878310,0.878610,0
20140307 025448783,0.878300,0.878600,0
20140307 025451860,0.878310,0.878610,0
20140307 025452207,0.878320,0.878620,0
20140307 025452893,0.878330,0.878630,0
20140307 025453237,0.878320,0.878620,0
20140307 025453923,0.878330,0.878630,0
20140307 025454610,0.878320,0.878620,0
20140307 025455313,0.878330,0.878630,0
20140307 025459783,0.878360,0.878660,0
20140307 025502860,0.878370,0.878670,0
20140307 025505610,0.878360,0.878660,0
20140307 025506297,0.878370,0.878670,0
20140307 025508360,0.878360,0.878660,0
20140307 025510453,0.878350,0.878650,0
20140307 025510797,0.878340,0.878640,0
20140307 025511110,0.878350,0.878650,0
20140307 025514547,0.878340,0.878640,0
20140307 025515597,0.878330,0.878630,0
20140307 025515923,0.878340,0.878640,0
20140307 025532080,0.878330,0.878630,0
20140307 025534847,0.878340,0.878640,0
20140307 025536220,0.878330,0.878630,0
20140307 025536907,0.878340,0.878640,0
20140307 025538970,0.878350,0.878650,0
20140307 025539657,0.878360,0.878660,0
20140307 025541017,0.878340,0.878640,0
20140307 025542750,0.878350,0.878650,0
20140307 025543080,0.878370,0.878670,0
20140307 025544127,0.878380,0.878680,0
20140307 025549297,0.878390,0.878690,0
20140307 025556830,0.878400,0.878700,0
20140307 025557517,0.878390,0.878690,0
20140307 025604047,0.878350,0.878650,0
20140307 025604407,0.878340,0.878640,0
20140307 025605080,0.878320,0.878620,0
20140307 025605437,0.878330,0.878630,0
20140307 025605783,0.878320,0.878620,0
20140307 025606157,0.878310,0.878610,0
20140307 025617127,0.878320,0.878620,0
20140307 025623657,0.878330,0.878630,0
20140307 025628470,0.878320,0.878620,0
20140307 025628813,0.878330,0.878630,0
20140307 025629157,0.878320,0.878620,0
20140307 025629487,0.878340,0.878640,0
20140307 025629830,0.878350,0.878650,0
20140307 025633627,0.878340,0.878640,0
20140307 025633970,0.878330,0.878630,0
20140307 025648750,0.878320,0.878620,0
20140307 025652877,0.878310,0.878610,0
20140307 025653220,0.878320,0.878620,0
20140307 025653907,0.878310,0.878610,0
20140307 025654937,0.878320,0.878620,0
20140307 025657343,0.878310,0.878610,0
20140307 025700093,0.878300,0.878600,0
20140307 025702157,0.878310,0.878610,0
20140307 025703877,0.878320,0.878620,0
20140307 025713843,0.878390,0.878690,0
20140307 025714187,0.878420,0.878720,0
20140307 025715547,0.878410,0.878710,0
20140307 025715907,0.878400,0.878700,0
20140307 025724157,0.878410,0.878710,0
20140307 025738593,0.878460,0.878760,0
20140307 025744423,0.878470,0.878770,0
20140307 025745110,0.878460,0.878760,0
20140307 025745453,0.878470,0.878770,0
20140307 025746487,0.878480,0.878780,0
20140307 025801953,0.878470,0.878770,0
20140307 025802297,0.878480,0.878780,0
20140307 025809860,0.878500,0.878800,0
20140307 025810203,0.878490,0.878790,0
20140307 025812610,0.878500,0.878800,0
20140307 025812953,0.878490,0.878790,0
20140307 025813297,0.878500,0.878800,0
20140307 025813983,0.878490,0.878790,0
20140307 025814327,0.878500,0.878800,0
20140307 025815360,0.878490,0.878790,0
20140307 025816390,0.878500,0.878800,0
20140307 025817780,0.878490,0.878790,0
20140307 025818110,0.878500,0.878800,0
20140307 025819140,0.878490,0.878790,0
20140307 025820173,0.878500,0.878800,0
20140307 025841517,0.878480,0.878780,0
20140307 025841843,0.878460,0.878760,0
20140307 025842517,0.878430,0.878730,0
20140307 025845953,0.878410,0.878710,0
20140307 025846640,0.878390,0.878690,0
20140307 025903157,0.878380,0.878680,0
20140307 025903517,0.878340,0.878640,0
20140307 025904517,0.878350,0.878650,0
20140307 025905907,0.878330,0.878630,0
20140307 025906250,0.878300,0.878600,0
20140307 025906593,0.878290,0.878590,0
20140307 025913467,0.878310,0.878610,0
20140307 025913813,0.878300,0.878600,0
20140307 025918627,0.878290,0.878590,0
20140307 025926203,0.878300,0.878600,0
20140307 025926517,0.878310,0.878610,0
20140307 025930313,0.878330,0.878630,0
20140307 025932390,0.878350,0.878650,0
20140307 025932733,0.878300,0.878600,0
20140307 025933077,0.878260,0.878560,0
20140307 025933407,0.878250,0.878550,0
20140307 025933750,0.878240,0.878540,0
20140307 025934077,0.878250,0.878550,0
20140307 025934420,0.878240,0.878540,0
20140307 025937170,0.878230,0.878530,0
20140307 025937860,0.878190,0.878490,0
20140307 025938233,0.878180,0.878480,0
20140307 025938563,0.878250,0.878550,0
20140307 025938907,0.878280,0.878580,0
20140307 025939250,0.878300,0.878600,0
20140307 025939593,0.878320,0.878620,0
20140307 025939920,0.878330,0.878630,0
20140307 025940280,0.878300,0.878600,0
20140307 025940640,0.878240,0.878540,0
20140307 025940953,0.878230,0.878530,0
20140307 025942687,0.878240,0.878540,0
20140307 025944063,0.878250,0.878550,0
20140307 025944407,0.878260,0.878560,0
20140307 025945093,0.878280,0.878580,0
20140307 025945797,0.878270,0.878570,0
20140307 025946127,0.878280,0.878580,0
20140307 025946453,0.878290,0.878590,0
20140307 025947500,0.878280,0.878580,0
20140307 025951623,0.878250,0.878550,0
20140307 025953343,0.878240,0.878540,0
20140307 025955063,0.878250,0.878550,0
20140307 025958157,0.878260,0.878560,0
20140307 030000593,0.878280,0.878580,0
20140307 030001267,0.878310,0.878610,0
20140307 030004687,0.878380,0.878680,0
20140307 030005047,0.878390,0.878690,0
20140307 030005360,0.878380,0.878680,0
20140307 030006420,0.878420,0.878720,0
20140307 030006750,0.878410,0.878710,0
20140307 030007077,0.878470,0.878770,0
20140307 030015687,0.878460,0.878760,0
20140307 030016047,0.878480,0.878780,0
20140307 030016373,0.878490,0.878790,0
20140307 030016703,0.878500,0.878800,0
20140307 030017063,0.878490,0.878790,0
20140307 030017767,0.878520,0.878820,0
20140307 030019827,0.878540,0.878840,0
20140307 030020170,0.878550,0.878850,0
20140307 030024280,0.878560,0.878860,0
20140307 030028750,0.878550,0.878850,0
20140307 030030140,0.878560,0.878860,0
20140307 030030467,0.878550,0.878850,0
20140307 030031860,0.878560,0.878860,0
20140307 030032203,0.878590,0.878890,0
20140307 030032530,0.878580,0.878880,0
20140307 030032890,0.878570,0.878870,0
20140307 030034250,0.878580,0.878880,0
20140307 030034937,0.878570,0.878870,0
20140307 030035623,0.878580,0.878880,0
20140307 030035953,0.878570,0.878870,0
20140307 030037000,0.878580,0.878880,0
20140307 030037343,0.878590,0.878890,0
20140307 030037687,0.878570,0.878870,0
20140307 030038717,0.878580,0.878880,0
20140307 030040420,0.878590,0.878890,0
20140307 030040780,0.878580,0.878880,0
20140307 030041467,0.878590,0.878890,0
20140307 030043187,0.878610,0.878910,0
20140307 030043860,0.878630,0.878930,0
20140307 030047657,0.878680,0.878980,0
20140307 030047983,0.878690,0.878990,0
20140307 030048670,0.878680,0.878980,0
20140307 030049017,0.878690,0.878990,0
20140307 030049357,0.878680,0.878980,0
20140307 030050047,0.878690,0.878990,0
20140307 030050390,0.878680,0.878980,0
20140307 030054857,0.878690,0.878990,0
20140307 030100030,0.878680,0.878980,0
20140307 030100373,0.878690,0.878990,0
20140307 030100717,0.878660,0.878960,0
20140307 030104827,0.878650,0.878950,0
20140307 030113077,0.878640,0.878940,0
20140307 030115140,0.878650,0.878950,0
20140307 030115483,0.878660,0.878960,0
20140307 030115843,0.878680,0.878980,0
20140307 030116170,0.878670,0.878970,0
20140307 030117217,0.878680,0.878980,0
20140307 030117560,0.878690,0.878990,0
20140307 030118250,0.878680,0.878980,0
20140307 030121703,0.878700,0.879000,0
20140307 030122373,0.878690,0.878990,0
20140307 030123060,0.878700,0.879000,0
20140307 030124093,0.878690,0.878990,0
20140307 030124437,0.878700,0.879000,0
20140307 030125467,0.878710,0.879010,0
20140307 030126140,0.878700,0.879000,0
20140307 030126843,0.878720,0.879020,0
20140307 030129937,0.878750,0.879050,0
20140307 030131657,0.878760,0.879060,0
20140307 030146453,0.878750,0.879050,0
20140307 030153657,0.878760,0.879060,0
20140307 030154013,0.878800,0.879100,0
20140307 030154343,0.878810,0.879110,0
20140307 030154687,0.878800,0.879100,0
20140307 030157437,0.878810,0.879110,0
20140307 030157780,0.878820,0.879120,0
20140307 030158123,0.878810,0.879110,0
20140307 030200873,0.878800,0.879100,0
20140307 030201560,0.878810,0.879110,0
20140307 030203547,0.878800,0.879100,0
20140307 030203687,0.878770,0.879070,0
20140307 030203967,0.878760,0.879060,0
20140307 030204310,0.878730,0.879030,0
20140307 030205670,0.878720,0.879020,0
20140307 030207733,0.878740,0.879040,0
20140307 030211857,0.878730,0.879030,0
20140307 030212203,0.878740,0.879040,0
20140307 030212577,0.878750,0.879050,0
20140307 030212907,0.878740,0.879040,0
20140307 030214280,0.878730,0.879030,0
20140307 030214953,0.878740,0.879040,0
20140307 030219437,0.878730,0.879030,0
20140307 030219780,0.878710,0.879010,0
